2654 4786
131 395 198 450 nnn.
215 395 249 451 n.
285 393 502 451 cmxxxiv.
536 394 587 448 nn
603 394 839 451 snsnnnsnnc.
856 393 1076 452 ιοαεοιοοιο.
1130 377 1201 447 153-

135 547 288 639 Aristnph.
309 547 367 615 Ατ.
389 546 480 613 1316.

216 666 377 750 κατέχουσι
399 664 425 730 δ’
449 663 557 752 έρωτες
579 667 655 748 ἐμᾶς
675 661 800 742 πόλεως.

134 823 189 890 qun
211 809 306 869 metro
329 825 399 869 nsns
420 802 576 868 Lneianns
598 802 629 866 in
651 788 937 891 Tragsdopsdagra
959 802 1030 869 190.
1052 823 1134 890 seqq.

602 986 637 1073 ε.
659 986 732 1053 ees.

216 1123 379 1190 Praemisit
415 1124 542 1212 cyclium
576 1142 694 1188 versum
717 1121 892 1211 vulgaribus
924 1123 1094 1212 anapaestis
1126 1121 1197 1188 Ari-

135 1224 229 1314 ωορδ.
250 1224 323 1293 Pae.
342 1224 416 1293 313.

257 1359 384 1444 insipere
404 1364 459 1423 νῦν
480 1359 513 1424 έν
534 1355 597 1445 ὅσω

214 1460 338 1546 σοβαρὰ
356 1457 472 1525 θεόθεν
491 1460 608 1543 κατέχει
629 1458 765 1540 πολέμου

213 1558 406 1646 μετάτροπος
426 1559 517 1647 αὔρα.
539 1567 593 1624 νῦν
613 1559 672 1645 γὰρ
694 1561 813 1642 δαέμων

216 1669 356 1751 φανερῶς
377 1664 419 1741 εἷς
439 1660 547 1748 ἀγαθὰ
566 1658 771 1745 μεταβιβάζει.

512 1961 809 1973 Ἣ

473 2234 610 2309 cm
636 2235 851 2310 mlv.

314 2407 372 2483 De
405 2408 699 2508 anapaesticis
732 2408 1015 2504 legaoedieis.

600 2574 636 2712 ς.
658 2625 731 2692 sen.
824 2696 826 2703 ,

225 2757 435 2825 Inrationalem
471 2759 555 2825 arsin
587 2761 696 2826 habent
734 2761 824 2827 etiam
860 2760 1059 2850 anapaesti
1092 2761 1199 2848 loga-

133 2859 269 2929 nedici.
327 2861 443 2927 Horum
474 2862 683 2928 celeberrimus
718 2870 764 2928 est
796 2885 900 2928 versus
933 2861 1198 2928 Archebnlens

131 2961 216 3027 cuins
242 2961 274 3031 in
303 2962 399 3052 prims
420 2963 496 3052 petie
518 2971 547 3029 et
574 2972 764 3051 anapaestum
786 2972 815 3029 et
836 2963 1000 3052 spondeum
1022 2970 1052 3029 et
1071 2964 1200 3029 iambum

130 3063 271 3148 inveniri,
292 3063 340 3129 his
362 3062 537 3130 Callimachi
559 3065 703 3153 exemplis
726 3059 816 3131 docet
833 3063 1036 3153 Hephaestio:

216 3197 314 3283 ἀγέτω
335 3195 423 3276 θεός·
446 3197 561 3285 οὐγὰρ
584 3196 643 3281 έχω
662 3200 733 3282 δι’χα
752 3197 842 3264 τῶνδ’
867 3197 985 3267 ἀείδειν.

215 3296 333 3388 νύμφα,
354 3300 394 3366 σὺ
414 3300 470 3383 μέν
491 3299 634 3388 ἆστερίαν
654 3297 706 3386 ὑφ’
731 3298 853 3382 ἅμαξαν
874 3298 946 3383 ἤδη.

216 3402 372 3490 φιλωτέρα
392 3400 461 3489 ἄρτι
482 3403 540 3490 γὰρ
563 3399 583 3468 ἆ
605 3403 717 3467 §tutta
737 3403 793 3485 μέν
805 3400 908 3470 Ἔννω.
1028 3457 1030 3462 .

126 3536 195 3608 sen
217 3538 379 3606 verisimile
400 3545 458 3623 est,
480 3537 694 3605 Callimachum
707 3537 873 3625 φιλιωτέρα
894 3538 1066 3628 scripsisse,
1087 3545 1119 3605 et
1138 3539 1199 3628 pri-

126 3663 210 3709 mum
230 3642 336 3732 pedena
357 3664 417 3708 nnn
438 3640 499 3707 nisi
520 3647 710 3730 anapaestum
731 3649 782 3706 ant
802 3641 967 3730 spondeum
988 3641 1094 3707 fnisse.

601 3825 637 3912 ὁ.
655 3823 731 3892 398.

197 3960 287 4027 Aliud
309 3981 406 4049 genus
429 3961 517 4028 habet
536 3961 754 4051 Aristophanes
776 3962 809 4028 in
829 3960 889 4028 Αν.
913 3961 1003 4027 1313.

217 4095 297 4180 ταχὺ
320 4093 347 4161 δ’
371 4093 410 4163 ἂν
430 4094 606 4183 πολυάνορα
627 4096 684 4162 τὰν
705 4094 802 4162 πόλιν.
