2654 4786
526 389 574 443 nu
593 389 806 446 caussasse·
1175 373 1196 439 7

129 541 214 616 Quod
237 563 326 628 quum
348 541 390 622 iit,
411 554 524 630 tempus·
546 540 629 622 idne,
652 542 683 607 in
704 562 762 627 quc
784 548 829 607 est
850 541 953 623 ictum.
970 542 1039 627 quia
1055 542 1202 608 'winerat

129 664 388 732 cumpraegrcssu
400 652 543 731 tempore,
563 651 662 708 umam
685 664 725 708 ex
747 641 800 707 iiic
822 641 957 723 habetur,
979 651 1200 728 atquecateuus

129 745 311 828 ceretium,
341 752 372 818 et
386 744 538 811 theticum
565 754 679 833 tempus
707 754 771 824 est3
797 743 951 812 sedidem
979 751 1093 832 tempus
1114 766 1201 811 accc·

128 847 216 913 dente
238 847 268 912 vi
288 846 434 928 absoluta,
454 847 539 911 cuius
562 846 701 912 indicium
725 845 800 911 ictus
818 853 875 927 cst,
896 845 985 913 simut
1003 845 1084 913 arsis
1104 847 1147 929 fit,
1169 859 1200 913 et

128 970 236 1014 caussa
261 957 349 1037 utque
376 947 493 1013 initium
520 949 703 1035 sequentinm
731 957 911 1035 temporum:
940 967 976 1013 eu
1004 948 1108 1030 modu,
1141 970 1199 1036 qun

128 1072 213 1137 quum
235 1071 357 1140 corpus,
376 1048 453 1137 quud
474 1050 506 1115 iu
527 1058 607 1116 mutu
629 1058 686 1131 est,
707 1070 785 1114 nura
806 1049 836 1114 vi
856 1047 993 1139 pellitur,
1014 1071 1050 1116 ee
1071 1050 1117 1117 vis
1138 1072 1199 1116 uun

128 1151 234 1240 incipit
255 1159 375 1233 mutum,
396 1150 449 1216 sed
471 1159 605 1241 coeptum
629 1158 729 1237 anget.
753 1148 828 1215 ttrnu
849 1158 947 1215 sutem
963 1157 1090 1238 tempus,
1109 1150 1199 1217 illave

128 1261 279 1342 tempora,
306 1276 380 1341 quae
406 1254 588 1342 praecedunt
609 1253 710 1335 arsin,
737 1261 861 1341 apparet
887 1259 986 1340 partes
1018 1274 1085 1317 esse
1107 1254 1198 1318 seriei

130 1355 165 1419 ab
187 1355 277 1420 initis
298 1354 444 1419 infinitae.
466 1353 513 1419 Ea
534 1370 668 1444 tempora
689 1353 896 1419 anacrusin
916 1373 1062 1418 vacamus.
1105 1353 1197 1419 Simi-

128 1455 195 1521 liter
223 1456 253 1520 in
283 1456 389 1543 figuris
411 1453 540 1520 describi
570 1465 710 1545 possunt,
738 1477 858 1543 quarum
888 1456 1090 1519 extremitates
1117 1453 1196 1521 nulia
1266 1478 1269 1484 ⁴

128 1556 185 1623 siut
207 1558 290 1623 linea
311 1558 510 1631 terminatae:¹
525 1578 599 1644 quae
620 1557 746 1647 proinde
768 1547 902 1621 infinitae
923 1565 1000 1621 sunt.
1029 1556 1085 1622 Est
1100 1571 1197 1638 autem

127 1658 280 1724 auacrnsis
308 1668 414 1724 natura
442 1680 496 1724 sua
524 1659 634 1741 thesis,
666 1646 686 1724 i'.
716 1680 742 1723 e.
770 1668 884 1745 tempus
910 1678 970 1724 usu
1002 1680 1042 1725 ex
1062 1657 1198 1727 absoluta
1283 1680 1286 1687 '

127 1782 242 1842 caussa,
264 1759 317 1825 sed
341 1783 379 1824 ex
400 1760 469 1826 aliis
489 1761 678 1848 praegressis
693 1759 993 1848 temporibusnatum.
1007 1752 1197 1828 'Sumendum

127 1853 171 1947 est
191 1861 292 1945 enirn,
318 1881 499 1951 praegressa
520 1883 588 1926 esse
609 1860 670 1926 alia
691 1871 842 1950 tempora,
870 1861 956 1950 quia,
977 1862 1055 1950 quod
1077 1884 1136 1931 nun
1158 1886 1197 1929 ex

126 1962 261 2039 absoluta
281 1983 388 2029 caussa
408 1961 550 2046 nascitur,
570 1960 601 2027 in
615 1962 770 2029 'infinitum
795 1982 834 2027 cx
850 1962 918 2028 aliis
932 1962 1071 2054 deinceps
1082 1965 1196 2031 caussis

127 2075 226 2131 natum
259 2086 327 2130 csse
354 2085 477 2130 necesse
505 2073 559 2130 est.
608 2060 749 2130 Ceterum
782 2075 916 2153 tempora
943 2086 1029 2150 quum
1058 2086 1098 2133 ex
1124 2074 1196 2133 tear·

126 2168 246 2255 peribus
267 2164 351 2230 nasci
373 2165 516 2248 dicimus,
544 2163 698 2231 brevitatis
721 2187 828 2232 caussa
849 2165 892 2231 itu
913 2165 1075 2252 loquimur,
1099 2174 1196 2235 tram·

126 2267 182 2334 iatn
204 2269 297 2333 verbu
319 2288 338 2331 a
359 2268 473 2333 caussis
494 2275 581 2354 atque
602 2264 757 2332 effectibus
778 2265 816 2332 ud
837 2275 981 2355 tempora,
1003 2289 1080 2355 quae
1088 2267 1195 2334 hurum

126 2369 273 2458 imagines
294 2368 372 2435 sunt.

495 2566 822 2577 -ω--ω--ω--ῃ-

529 2752 666 2829 cnm
690 2756 787 2855 111.
816 2784 821 2796 ι

402 2893 914 2968 Deurdinihus.

598 3059 633 3147 s
662 3061 715 3130 17.

204 3180 355 3245 Numerus
376 3186 428 3244 aut
447 3178 583 3245 infinitus
602 3189 658 3260 est,
679 3180 816 3266 quitatus
827 3199 869 3244 ex
883 3178 1002 3245 theticis
1013 3179 1194 3266 temporibus

126 3289 248 3363 mutat,
270 3279 365 3367 qualis
387 3301 526 3347 uumerus
548 3280 617 3366 quia
638 3280 780 3347 varietate
802 3289 898 3361 curet,
921 3281 951 3346 in
973 3281 1097 3363 artibus,
1118 3302 1194 3368 quae

126 3383 253 3449 muneris
276 3390 414 3464 utuntur,
446 3381 555 3451 nuiiuur
577 3382 665 3448 babet
686 3404 785 3463 usum3
813 3391 865 3448 aut
884 3383 984 3449 finitus
1005 3390 1070 3464 est,
1095 3382 1193 3469 qualis

125 3495 177 3566 est,
199 3483 345 3572 quiarsin
363 3485 461 3551 habet
482 3483 664 3549 Huiusmodi
678 3503 831 3549 numerum
854 3483 1021 3553 nruinen
1045 3505 1192 3550 vacamus.

598 3619 633 3704 ς.
663 3614 713 3686 rs.

206 3736 337 3804 Ordines
359 3744 410 3803 aut
430 3736 626 3829 simplices
640 3746 733 3831 sunt,
755 3739 804 3827 qui
826 3741 929 3804 autin
951 3739 1016 3805 sula
1038 3737 1099 3804 arsi
1121 3759 1190 3803 cnu-

126 3835 240 3920 sistunt,
262 3846 294 3904 ut

127 4031 172 4086 aut
192 4045 232 4088 ex
245 3980 314 4090 ’arsi
337 4032 367 4090 et
387 4024 464 4089 thesi
487 4032 638 4108 constant,
661 4034 692 4090 ut

118 4132 120 4136 ,
228 4123 236 4150 n
373 4123 380 4150 ι
