2654 4786
125 386 191 454 iso
215 400 220 409 ·
475 404 543 458 orn.
561 402 594 456 n.
629 400 708 455 cnr.
726 398 849 454 xxxix.
879 372 881 377 ’

125 555 268 637 creontei‚
288 553 396 642 partim
417 551 571 640 longiores
593 553 639 618 vel
662 551 826 634 breviores,
847 549 989 616 admixtis
1011 550 1103 616 etiem
1124 549 1191 616 aliis

125 658 239 739 metris,
261 656 460 737 inveniuntur,
483 656 513 719 in
535 654 632 719 Renis
655 676 711 720 av.
721 653 793 718 323.
816 662 846 718 et
866 653 897 717 in
918 652 1030 741 Vespis
1053 651 1190 718 armo.

126 758 241 844 dequo
264 758 393 822 carmine
416 756 480 821 dixi
503 756 532 820 in
555 756 766 821 dissertatione
789 755 825 820 de
848 756 939 820 choro
960 753 1138 842 vesperum.

590 1093 594 1097 .
618 1091 802 1099 —————--

474 1410 610 1485 cnP.
631 1411 846 1485 XXXIX.

267 1603 338 1674 De
385 1601 1050 1674 vensnGoilinmbioo.

595 1834 629 1920 s.
652 1833 725 1901 444.

210 1985 324 2055 Versus
342 1985 554 2051 Galliambicns
577 2007 616 2049 ex
639 1985 750 2052 dnobus
772 1985 992 2053 Anacreonteis
1014 1989 1194 2077 compositus

127 2098 182 2170 est,
204 2109 327 2174 qnorum
349 2090 499 2175 posterior
520 2087 708 2153 catalecticus
731 2095 786 2171 est,
807 2088 864 2154 hee
884 2088 992 2154 formo.

226 2268 740 2376 οἶσιιιιοοι-οο4μιοοι

717 2392 740 2421 V

225 2468 742 2578 υῖν-ῑΙῦ-ίΙυέ-υυ-Ἰῦέιυέ

352 2593 405 2621 w
632 2595 683 2622 υυ
722 2594 745 2622 υ

211 2698 242 2756 Γ
241 2693 339 2770 αλλαλ,
359 2692 477 2778 μητρὸς
499 2692 598 2779 δρείης
620 2690 806 2780 φιλόδαρσοι
829 2693 990 2782 δρομάδες,

213 2789 262 2871 οἷς
284 2794 368 2860 ἔντεα
389 2805 567 2880 παταγεΐται
588 2799 640 2858 καλ
658 2793 773 2879 χάλκεα
794 2796 939 2882 κρόταλα.

127 2964 284 3050 Diogenes
306 2964 451 3029 Laertius
474 2963 557 3033 Vm.
579 2966 611 3028 in
633 2965 706 3029 fine:

212 3120 245 3182 ἐν
266 3118 395 3203 Μέμφει
417 3112 506 3200 λόγος
528 3119 591 3183 ἐστὶ
614 3123 789 3203 προμαθεῖν
808 3118 865 3201 τὴν
885 3121 965 3202 ἰδίην

213 3215 351 3294 Εδδοξόν
372 3242 444 3283 ποτε
464 3227 578 3303 μοῖραν
600 3218 683 3302 παρὰ
704 3224 761 3283 τοῦ
783 3220 951 3303 καλλικέρω

212 3316 339 3404 ταύρου,
363 3319 472 3385 κούδὲν
493 3319 602 3396 ἔλεξεν·
623 3324 681 3400 βοῒ
696 3318 754 3403 γὰρ
777 3318 873 3384 πόθεν
894 3317 1000 3405 λόγοςς

214 3417 307 3503 φύσις
330 3419 385 3483 οὐκ
407 3418 499 3485 ἔδωκε
520 3420 626 3508 μόσχῳ
648 3419 742 3485 λα’λον
756 3419 859 3486 Ἄπιδι
881 3420 991 3503 στόμα.

213 3522 299 3607 παρὰ
322 3520 348 3584 δ’
374 3520 469 3586 αὐτὸν
490 3523 608 3606 λέχριος
629 3524 704 3598 στὰς
724 3520 909 3605 ἐλιχμήσατο
930 3520 1054 3608 στολήν,

215 3627 383 3707 προφανῶς
404 3628 495 3688 τοῦτο
518 3621 679 3703 διδάσκων,
702 3623 844 3709 ἀποδύσῃ
864 3624 972 3708 βιοτὴν

216 3719 288 3789 ὅσον
311 3721 406 3788 nino).
450 3723 498 3788 διδ
520 3727 574 3788 καί
594 3727 622 3789 οἶ
642 3726 756 3807 ταχέως
777 3718 854 3808 ἦλθε
874 3722 980 3811 μόρος,

214 3822 334 3902 δεκάκις
355 3824 434 3889 πέντ’
458 3827 506 3890 ἐπὶ
529 3837 667 3911 τρισσαῖς
689 3823 813 3903 ἒςιδόντι
835 3828 990 3904 πλειάδος.

130 3993 274 4078 Caesone,
297 4017 371 4082 qnae
393 3996 490 4061 estin
512 3997 571 4061 fine
593 3998 704 4085 prioris
725 3997 830 4085 partis,
851 3997 900 4062 hic
915 3998 1196 4087 nbiqnediligenter

129 4104 256 4162 servate.
290 4096 343 4162 Sic
365 4098 452 4166 etiam
475 4099 553 4187 apud
576 4096 723 4164 Catullum
744 4121 833 4165 earm.
855 4100 973 4166 LXlH.
997 4102 1046 4188 qni
1067 4102 1196 4191 plerom-
