2654 4786
180 363 224 431 98
524 379 627 434 uro.
641 379 677 432 ιι.
710 377 789 434 oue.
805 379 880 436 xxi.

182 529 298 595 numeri
326 528 550 610 consociantur,
580 528 631 614 qui
657 534 759 616 partes
786 550 855 594 esse
882 527 1073 594 dochmiacae
1098 527 1254 594 videntur:

183 629 260 717 quod
282 629 497 697 eodem-modo
519 629 552 695 fit
576 630 608 693 iu
631 626 817 718 Glycoueis.¹

652 813 686 898 s.
708 811 780 878 eso.

269 947 350 1013 Hinc
371 947 517 1036 explicari
538 956 637 1035 potest
650 945 763 1014 Cretici
785 948 874 1031 ratio,
896 948 945 1035 qui
958 969 1047 1035 saepe
1060 932 1254 1032 coniungitur

184 1050 318 1114 versibus
346 1048 544 1129 cucumeris,
575 1070 660 1130 nunc,
679 1058 713 1113 ut
740 1048 913 1137 praecedat,
945 1071 1023 1114 nunc
1050 1056 1082 1114 ut
1102 1056 1250 1134 sequatur.

183 1149 287 1239 Eurip.
311 1149 402 1215 Herc.
426 1151 448 1215 f.
468 1148 542 1214 894.
563 1148 675 1215 Aesch.
697 1149 731 1217 S.
752 1150 790 1215 ad
812 1149 873 1215 Th.
896 1149 947 1215 95.
1050 1244 1053 1249 4

268 1264 355 1331 δάϊον
373 1266 467 1349 μόλος
487 1267 671 1337 ἐπαυλεῖται.
718 1338 721 1343 ,
764 1340 768 1347 ¹
1098 1340 1100 1345 ¹

267 1362 380 1453 πότεροι
402 1366 466 1451 δῆτ’
489 1367 547 1452 ἐγὼ
568 1367 721 1433 ποτιπέσω
741 1367 836 1452 βρέτη
858 1362 1022 1449 δαιμόνιον.
1060 1446 1063 1453 ἢ
1091 1410 1095 1417 -

182 1485 223 1550 Et
244 1485 382 1551 Creticus
403 1487 520 1572 quidem
544 1508 682 1553 uumerus
705 1487 842 1574 quoniam
863 1485 1031 1553 simillimus
1053 1491 1101 1550 est
1119 1484 1172 1569 tini
1186 1507 1252 1550 ver·

182 1608 234 1653 sus
257 1587 432 1668 dochmiaci‚
454 1608 509 1675 per
530 1609 563 1651 se
580 1610 644 1652 «nou
666 1600 815 1676 repugnat
824 1607 946 1651 numero
960 1586 1143 1653 dochmiaco.
1165 1585 1252 1653 Vnde

182 1708 283 1775 saepe,
305 1687 355 1772 qui
375 1707 447 1751 vere
463 1686 599 1754 Creticus
620 1709 761 1753 numerus
782 1695 838 1768 est,
860 1687 1040 1753 dochmiacis
1052 1688 1253 1768 consociatur,

181 1786 351 1875 pariterque
377 1808 472 1875 paeon
503 1788 631 1876 primus,
667 1788 716 1874 qui
748 1787 858 1854 solutio
886 1796 937 1877 est
963 1786 1087 1854 Cretici.
1141 1787 1253 1853 Aesch.

182 1885 286 1976 Suppi.
307 1883 381 1952 455.

264 2001 340 2087 μήτι
360 2008 434 2091 τλῇς
454 2004 512 2069 atio
534 2005 627 2070 ἱκέτιν
648 2006 765 2083 ιῑςιόιῖν

265 2103 326 2169 ἀπὸ
342 2106 475 2191 βρετέων
495 2107 550 2196 βάρι
573 2106 660 2181 δίκας
681 2103 842 2190 ἀγομέναν.

181 2200 258 2289 Nam
279 2224 365 2312 prior
385 2245 489 2290 versus
511 2226 645 2290 trimeter
666 2223 804 2291 Creticus
826 2233 880 2290 est.
930 2223 1043 2313 Aperte
1072 2245 1168 2312 paeon
1191 2225 1254 2313 pri·

180 2346 244 2389 uuus
266 2323 449 2412 praemissus
471 2332 518 2390 est
539 2325 675 2390 dochmio
700 2326 731 2389 iu
754 2324 787 2390 S.
811 2325 849 2393 ad
872 2324 934 2391 Th.
957 2324 1029 2392 161.
1051 2323 1124 2394 171.
1203 2400 1207 2409 ,

263 2438 363 2504 ποῖά
387 2438 431 2502 ἔτι
452 2441 537 2516 τέλος
558 2437 660 2526 ἐπάγει
681 2438 771 2524 θεός
823 2486 828 2500 .

264 2537 439 2606 ἑπτάπυλον
460 2543 529 2618 ἕδος
550 2538 705 2628 ἓπιῤῥόοο.

180 2657 318 2725 Creticus
340 2665 447 2742 autem,
469 2661 499 2723 iu
516 2683 661 2749 paeonem
678 2666 812 2747 quartum
826 2660 950 2744 solutus,
972 2660 1121 2750 iu'Euri‘p.
1133 2661 1253 2731 Phoeu.

180 2757 251 2825 154.
275 2759 320 2824 ed.
343 2759 432 2825 Pers.
714 2825 716 2829 ,

259 2874 299 2954 ’ὃς
318 2875 363 2942 ἔπ’
387 2875 465 2957 ἐμὰν
486 2872 573 2940 πόλιν
593 2875 651 2960 ἴβοι
673 2877 802 2964 πόρσιον.
887 2925 889 2929 -

179 2994 261 3060 idem
284 2995 434 3060 subiectus
455 2994 592 3061 dochmio
616 2997 646 3060 iu
669 2997 780 3064 Aesoh.
805 2998 903 3064 Prom.
927 2997 999 3064 117.
1038 3062 1041 3067 ,

261 3113 343 3176 ἵκετο
365 3109 525 3197 τερμόνιον
546 3114 594 3177 ἐπὶ
615 3111 722 3197 πάγον.
824 3097 827 3102 ¹

180 3227 318 3295 Creticus
346 3231 377 3294 iu
407 3231 532 3317 quinque
566 3233 671 3296 breves
698 3232 811 3297 solutus
842 3233 920 3298 iuter
948 3234 1061 3300 medios
1094 3235 1250 3302 dochmios

180 3337 279 3393 exstat
299 3330 330 3392 in
354 3329 447 3418 Soph.
471 3331 546 3397 oet.
567 3333 606 3396 R.
629 3331 702 3397 661.
724 3333 766 3415 (v.
790 3333 824 3418 ᾗ.
847 3334 934 3418 629.)

262 3427 337 3492 θεὸν
358 3428 478 3515 πρόμον
497 3429 616 3496 Ἅλιον·
638 3433 700 3519 ἐπεὶ
723 3431 826 3519 ἄθεος,
849 3432 970 3522 ἄφιλος,

306 3526 373 3593 ὅτι
394 3529 536 3612 πάματον
647 3560 651 3565 ·

264 3628 402 3712 ὀλοίμαν,
425 3628 574 3718 φρόνησιν
596 3636 623 3698 ιλ
641 3632 726 3699 τάνδ’
749 3634 818 3718 ἔχω.
948 3639 950 3643 ’

647 3821 681 3906 ᾗ.
702 3821 776 3889 260.
847 3876 850 3885 .
952 3888 953 3892 ,

262 3949 362 4039 Saepe
388 3973 459 4019 vcro
483 3973 542 4019 uon
562 3965 669 4042 potest.
682 3957 828 4049 dubitari,
854 3958 925 4046 quia
945 3957 1083 4027 Creticus
1112 3959 1171 4025 iste
1192 3958 1247 4029 tle·

180 4049 286 4117 chatiis
311 4053 428 4120 iunctus
454 4075 514 4119 uon
543 4056 584 4123 sit
603 4079 673 4123 veru
696 4058 850 4142 Creticus,
878 4061 898 4125 i.
922 4083 948 4133 e.
969 4060 1044 4129 ordo
1072 4061 1246 4127 trochaicus
1309 4070 1317 4079 ‘
