2654 4786
534 402 753 458 resumo.
1138 409 1177 453 lx

107 562 243 646 oooent,
270 555 536 653 disiungero,--ut
560 556 712 629 eumerio
734 555 795 629 ille
812 562 856 628 -et
878 555 1115 655 incipiendum,
1143 565 1178 630 et

106 673 144 745 in
169 697 211 745 oe
235 673 526 747 tiniendnm2:esso·
540 673 792 747 meminerimus.
843 672 929 747 Num
952 675 1177 771 incipiendum

109 793 151 863 ab
165 815 207 863 ee
220 798 285 884 est,
299 801 337 865 ut
352 800 494 865 mentem
507 792 600 889 prins
616 792 849 888 ingeniumque
863 793 1038 890 seriptoris
1049 818 1177 890 eogno-

109 933 256 1002 sommus,¹
281 933 377 1006 quem
393 910 446 984 ¹(io
469 911 612 1007 singulis
628 910 701 982 eius
717 911 803 984 loeis
823 911 963 984 dietisve
978 911 1177 1004 indicemus,

109 1035 145 1101 et
169 1027 419 1100 finiendum'in·
434 1052 487 1121 ee,
512 1028 591 1125 quie
615 1029 808 1125 operosiore
833 1028 894 1101 ille
920 1036 956 1102 et
968 1031 1176 1103 oeenretioro

107 1146 256 1219 leotione
280 1147 498 1244 ise-ipsum·
524 1147 683 1244 eonsequi
707 1147 896 1240 studemus,
922 1155 960 1220 ut
983 1150 1058 1221 'sine
1083 1149 1177 1220 ditii-

109 1265 235 1338 alote
251 1265 396 1361 ‘legero'
413 1265 611 1362 seriptorem
642 1265 820 1361 possimus.
888 1265 1033 1338 Vbinam
1067 1273 1176 1338 eutem

108 1383 177 1456 hoe
201 1383 320 1479 mugio,
346 1406 443 1479 quom
466 1384 504 1455 in
527 1384 657 1481 poetis,
683 1383 794 1455 faeere
820 1390 993 1480 oporteat,
1027 1383 1084 1479 qni
1109 1408 1176 1456 non

107 1509 148 1573 ut
172 1524 305 1598 magno·
325 1524 399 1574 enm
424 1502 540 1573 labore
563 1503 776 1599 scriptumne
800 1501 1084 1598 pervestigemns,
1116 1501 1177 1573 sed

108 1626 148 1691 ut
167 1620 606 1716 ·oblootemnr‚=-·onimosque
619 1627 752 1692 nostros
767 1621 966 1692 commoveri
983 1620 1176 1711 sentiemus,

109 1731 609 1820 memma-ailmeondioonnt?
633 1736 851 1834 Omninoque¹
870 1739 900 1810 ei
925 1739 1001 1835 quis
1026 1742 1176 1835 quaeret,
1265 1790 1268 1796 -

110 1880 173 1928 eur
202 1856 320 1948 multip
350 1856 447 1954 iique-
474 1856 658 1929 doctissimi
689 1856 840 1929 homines
868 1858 919 1928 vel
943 1857 1086 1949 inerint,
1124 1858 1177 1930 vel

109 1975 288 2047 etiemnnrn
312 1973 509 2071 rium-qni,
541 1975 586 2049 si'
599 1998 709 2047 rerum
734 1974 833 2046 interi
860 1975 1016 2067 velimus,
1049 1975 1176 2049 nullum

107 2115 261 2189 unquern
288 2100 431 2164 retorem
458 2093 655 2189 seriptorem
672 2116 748 2166 vere
765 2092 975 2165 intellexisse
991 2093 1175 2184 rideantur,

108 2211 216 2283 faeile
235 2211 387 2308 reperiet·
405 2209 512 2300 id'eo,
529 2210 658 2284 'fautum
686 2234 774 2303 esse,
800 2211 913 2308 qnod,·
929 2234 1026 2306 quum
1049 2234 1177 2284 omnem

108 2329 276 2401 meando
292 2329 502 2426 singulorum
526 2328 677 2403 loeorum
699 2329 1176 2426 uerborumque-explicatione

109 2448 489 2544 oonsumpserint,·¹non
504 2450 683 2546 potuerint
706 2472 748 2522 eo
773 2449 968 2546 pervenire,
1005 2456 1063 2540 nt,
1088 2447 1176 2519 un'de

109 2565 222 2638 omnio
245 2565 417 2662 pendente*
438 2575 600 2660 mentem,
625 2568 834 2659 ¹eonsilium·
855 2567 1023 2663 ingenium
1048 2589 1176 2661 eorum²

110 2708 258 2781 quorum·
276 2685 426 2782 seriptis
456 2692 639 2785 tantopere
676 2685 892 2779 insudarunt,
935 2686 1177 2784 perspicerent.
1311 2673 1323 2688 ⁶

110 2801 222 2894 Quod.
235 2803 266 2874 si
283 2826 444 2875 numeros
468 2811 669 2900 spectamus,
696 2828 781 2900 qnae
805 2829 861 2877 ree
886 2811 958 2891 tote
984 2803 1026 2876 at
1050 2803 1177 2874 animos

110 2920 364 2994 commovendos
389 2920 522 2994 inventu
547 2930 611 3015 est,
637 2922 711 3018 quis
736 2948 803 2996 non
827 2923 931 3014 ridet,
957 2946 1031 2993 enm
1048 2919 1178 2992 demum

110 3038 244 3134 aliquid·
262 3039 297 3110 in
318 3039 388 3112 imo
412 3063 534 3136 genere
559 3041 745 3136 protioere,
772 3043 829 3138 qui
854 3039 980 3136 scripte
1004 3045 1177 3135 poetarum

109 3157 161 3228 ite
184 3157 289 3254 leget,
315 3166 373 3251 ut,
386 3159 480 3231 'dnm
501 3159 664 3232 dietornrn
700 3161 733 3232 vi
758 3159 956 3232 commoveri
981 3181 1055 3229 sese
1084 3157 1176 3248 velit,

109 3276 256 3347 numeris
281 3275 324 3346 ml
348 3276 385 3347 ir
409 3284 447 3348 ut
471 3277 679 3370 adiumento,
713 3277 770 3374 qui
800 3276 877 3348 finis
903 3287 937 3353 et
962 3299 1046 3372 quoe
1072 3274 1177 3347 uirtus

110 3401 166 3465 est
189 3418 411 3487 numerorum,
437 3401 568 3467 utetur:
593 3396 681 3492 qnod
706 3403 824 3469 eontra
848 3395 891 3488 is,‘
918 3394 976 3491 qni
1000 3393 1104 3464 multo
1123 3392 1178 3463 le-

111 3512 193 3601 bore
217 3513 371 3609 singulos
391 3515 534 3609 syllabae
559 3515 734 3611 ponderet,
761 3516 928 3612 quianon
953 3512 1065 3603 hebet,
1090 3509 1177 3582 unde

110 3629 192 3726 qnid
218 3639 329 3728 aptum
348 3632 442 3728 ‘quid
476 3633 625 3729 ineptum
657 3635 721 3726 eit,
759 3633 936 3726 diiudicet,
961 3655 1028 3704 non
1052 3629 1178 3727 poterit

110 3772 193 3839 non,
219 3756 261 3820 ut·
281 3751 335 3822 eit·
353 3751 551 3844 Terentius,
575 3752 687 3825 faeere
712 3750 930 3848 intelligendo
956 3759 995 3822 ut
1019 3748 1103 3820 nihil
1123 3747 1178 3816 in-

111 3864 256 3962 telliget.
283 3864 534 3964 Sedqnoniem
557 3871 595 3941 in
610 3871 674 3944 hoe
692 3876 822 3968 'genere
848 3869 958 3942 omnia
982 3867 1177 3939 adsensum

109 3983 265 4076 redeunt,
291 3985 348 4081 qui
373 4010 440 4060 non
465 3988 666 4084 argumentis
693 3989 770 4085 oogi
794 3995 925 4086 potest,
952 3983 1011 4058 sed
1035 4007 1098 4054 usu
1124 3988 1177 4055 et-

110 4127 177 4198 que
201 4104 446 4179 exeruitetione·
466 4107 591 4180 ernon-i
616 4107 725 4200 debet,
753 4115 931 4205 propterea
954 4101 1176 4196 neeessariam
