2654 4786
554 398 776 455 mmmm.
1160 408 1198 453 ιι

126 556 202 628 inre
235 576 298 627 sua
330 552 440 624 brevis
463 551 646 625 habeatnr:
681 555 775 625 nulla
800 553 1069 650 omninupstest
1093 557 1201 626 ambi-

128 674 242 772 guitas
266 671 372 764 nasei,
398 670 428 742 si
452 693 494 741 aa
518 671 646 766 syllaba
673 679 725 745 est
751 672 860 769 prima
885 674 1081 768 anapaesti...
1115 672 1201 745 Num

129 792 230 865 etiam
256 791 287 863 si
311 789 437 860 iambus
472 812 532 887 pes
557 789 618 861 ille
641 789 754 882 furat,
789 814 856 862 nun
890 799 1006 887 posset
1037 816 1107 863 nun
1138 815 1201 887 pru

131 910 224 982 brevi
249 907 375 998 baberi,
401 913 558 1002 tantoque
584 909 711 1004 magis,
748 909 825 1004 quia
850 916 967 980 natura
1000 909 1123 981 brevis.
1136 918 1201 1002 est,

134 1051 218 1131 quae
256 1027 356 1098 etiam
384 1024 424 1124 si·
450 1024 555 1123 lunga
590 1035 709 1098 natura
731 1026 840 1118 louet,
871 1051 939 1099 nun
965 1028 1111 1124 lungae,
1143 1027 1202 1098 sed

134 1146 244 1218 breuis
259 1143 384 1220 afficio
410 1142 565 1215 iunctura
590 1153 712 1219 esset.=
751 1143 905 1237 Quodsi
929 1137 1010 1241 quid
1035 1170 1107 1218 eam
1120 1169 1203 1241 am-

134 1242 305 1360 biguitatis
333 1260 458 1333 babere
484 1262 682 1358 putabimus,
709 1263 809 1360 lunge
835 1261 870 1333 id
896 1264 962 1333 alia
986 1262 1020 1334 in
1045 1288 1083 1351 re
1110 1265 1204 1360 pusi-

133 1390 201 1453 tum
225 1380 310 1472 erit,
350 1401 454 1474 eaque
489 1379 587 1452 etiam
621 1380 757 1453 secundi
794 1380 965 1476 quartique
990 1380 1087 1476 pedis
1105 1380 1203 1453 'num-

136 1499 236 1571 muni.
287 1494 374 1570 Nam
390 1521 488 1569 sane·
505 1497 679 1570 incisione·
694 1498 728 1570 in
756 1521 795 1569 ea
821 1498 946 1593 syllaba
971 1497 1082 1591 faeta,
1119 1496 1204 1569 illml

136 1617 321 1714 ambignum
348 1622 411 1708 est,
438 1622 547 1687 utrum
567 1640 612 1687 ea
639 1617 766 1712 syllaba
791 1615 1100 1709 lutamthesin,.au
1125 1640 1205 1714 par·

136 1741 206 1807 tem·
225 1733 450 1807 tantummode
474 1734 612 1809 theseus
640 1735 822 1808 contineat.
849 1770 852 1775 ¹
873 1733 923 1809 Et
947 1761 1045 1832 quum
1070 1735 1205 1833 propria

137 1853 239 1927 tbesis
265 1853 302 1924 in
327 1876 531 1948 quoeunque
549 1851 700 1925 ¹trimetri
724 1854 802 1926 luen
824 1877 889 1925 una
906 1855 1032 1949 syllaba
1049 1861 1204 1927 uunstare

138 1970 266 2063 debeat,
295 1994 356 2067 par
382 1979 434 2043 est
460 1970 602 2043 omnium
627 1971 747 2067 pedum
774 1971 945 2063 conditis,
961 1980 1018 2064 nt,
1044 1973 1101 2052 ubi
1125 1972 1204 2044 lini-

137 2096 202 2160 tum
236 2089 271 2160 in
307 2112 347 2160 ea
381 2088 507 2184 syllaba
522 2164 526 2169 ,
543 2089 735 2191 vocabulum
760 2089 987 2188 reperiamus,
1015 2114 1088 2163 nun
1120 2089 1205 2160 nihil

137 2206 329 2280 offensionis
352 2188 400 2278 'ex
435 2194 628 2278 abcessione
648 2188 745 2279 'alius'
766 2188 839 2280 ¹neu
865 2206 1084 2279 necessariae
1100 2207 1202 2301 sylla·

138 2325 194 2408 bae
223 2325 336 2399 anasei
363 2324 525 2397 videatur.
577 2323 669 2397 Illud
696 2350 775 2398 veru
799 2337 890 2398 reete
916 2326 999 2399 uidit
1018 2326 1204 2420 Reisigius,

137 2444 295 2515 muntem
326 2443 626 2543 interpunctionem
659 2444 694 2516 in
734 2445 793 2515 illa
827 2445 957 2542 syllaba
986 2444 1107 2516 laetam
1142 2443 1207 2514 ali-

139 2561 268 2658 quande
292 2561 433 2634 tuuudue
465 2561 518 2633 illi
551 2586 707 2635 caesurae
733 2563 906 2636 inseruire.
964 2562 1017 2634 Au
1050 2567 1200 2635 senserat

137 2680 207 2772 ille,
237 2703 322 2779 qnae
349 2703 478 2752 caussa»
492 2689 583 2754 esset
607 2681 704 2753 buius
729 2683 799 2772 rei3
836 2681 896 2754 sed
929 2681 1082 2778 quoniam
1107 2680 1143 2752 in
1167 2698 1208 2752 ea

138 2797 336 2895 explicanda
350 2821 383 2870 a
407 2822 500 2890 uero,
527 2806 564 2870 ut
590 2800 663 2896 ego¹
681 2800 811 2895 quidem
837 2801 1003 2895 arbitrer,
1032 2800 1208 2899 aberrare-

138 2924 213 3008 rat,
247 2915 321 2989 lieri
346 2941 413 2988 nun
438 2924 591 3012 peterat,
626 2919 705 3014 quin
729 2918 861 2991 diversa
887 2915 1135 3015 permiscendo,
1172 2913 1208 2984 id

139 3032 227 3130 qnusl
254 3032 403 3106 unrnibus
429 3035 614 3127 acciderat,
649 3037 706 3132 qui
740 3036 833 3108 bane·
851 3061 919 3106 rem
956 3016 1207 3130 disputavimus,

140 3154 239 3224 etiam
265 3176 350 3249 quae
375 3177 443 3224 non
468 3161 545 3225 sunt
569 3154 757 3249 probanda,
798 3153 929 3226 delendi
944 3177 1065 3250 'pesse
1087 3151 1208 3224 existi-

140 3277 259 3343 maret.
307 3270 379 3343 Res
403 3271 488 3344 baeu
512 3280 577 3343 est.
609 3270 790 3344 ·Oliensia
818 3272 925 3345 uminis
957 3273 992 3344 in
1020 3296 1066 3349 ¹eo
1090 3271 1209 3366 ‘posita

140 3397 203 3477 ast,
230 3389 339 3485 quud,
365 3413 476 3485 quum-
493 3389 626 3486 (lipmlia
650 3412 713 3487 per
738 3399 950 3486 anapaestum
983 3390 1116 3464 citatius
1150 3388 1211 3458 le-

142 3506 442 3599 nurreredebeat,
467 3508 545 3580 finis
570 3509 663 3581 verbi
687 3510 722 3580 iu
748 3511 886 3606 primam
912 3509 1081 3607 anapaesti
1107 3507 1210 3601 sylla-

141 3624 212 3711 bam
238 3624 389 3697 ineidens
416 3625 610 3699 celeriorem
636 3629 731 3708 illum
757 3630 883 3701 numeri
909 3628 1083 3708 decursum
1106 3647 1210 3721 pausa

141 3741 230 3814 laeta
255 3743 469 3840 interrumpit
495 3752 529 3816 et
553 3747 719 3835 retardat:

317 3875 500 3947 esopo-
623 3883 626 3891 '

142 3990 238 4066 llaeu
261 3997 462 4091 perversitas
489 4005 643 4094 quattuor
669 4001 809 4074 maxime
836 4000 941 4073 modis
961 3994 1130 4088 obscurari
1158 3995 1211 4065 vul

144 4111 218 4227 tolli
241 4113 355 4208 potius
380 4122 503 4210 petest.
870 4130 872 4137 “
905 4129 908 4133 ’
