2654 4786
148 396 151 407 ι
196 377 265 432 nra.
283 377 318 430 u.
354 376 432 431 cnr.
448 376 545 433 unu.
577 376 626 430 nu
643 376 818 433 vuasravs
834 375 1065 433 uncrrurcrs.
1109 358 1173 426 lut

472 746 608 820 (tlss’.
628 747 800 823 mv.

360 919 418 990 lle
444 918 644 992 versibus
671 876 917 1014 dactylicis.

577 1135 612 1222 t.
630 1135 704 1202 aaa.

191 1287 387 1375 Dactylici
409 1309 512 1353 versus
535 1310 574 1353 ex
595 1272 748 1354 ordinibus
770 1287 931 1376 periodicis
953 1294 1099 1353 constant.
1132 1286 1173 1354 Et

104 1387 158 1454 alii
187 1389 303 1475 quidem
327 1411 429 1453 eorum
455 1411 510 1477 per
537 1390 686 1478 dipodiam
713 1389 869 1470 incedunt,
903 1388 956 1453 alii
983 1387 1171 1473 longioribus

104 1489 262 1567 ordinibus
284 1491 445 1556 variantur.
494 1492 564 1557 Neu
586 1500 684 1572 autem
705 1490 826 1579 dipodia
847 1491 879 1555 in
901 1489 1172 1576 dactylicisversie

99 1591 173 1672 bus,
192 1590 247 1655 sed
270 1613 344 1656 uuus
366 1591 488 1678 quisque
509 1613 562 1678 pes
584 1603 706 1658 metrum
728 1601 867 1673 vocatur,
894 1591 1101 1678 antiquissima
1121 1614 1173 1680 ap·

102 1691 266 1779 pellatioue
288 1702 414 1758 servata.
466 1690 551 1758 Vnde
573 1700 642 1778 quot
662 1693 764 1780 pedes,
786 1701 829 1757 tot
850 1701 944 1756 metra
965 1700 1172 1760 numerantura
1233 1708 1237 1722 ·

103 1793 147 1857 ita
176 1799 208 1856 ut
233 1798 404 1858 tetrameter
430 1792 594 1880 dactylicus
624 1814 763 1858 mensura
788 1815 844 1881 par
871 1794 911 1857 sit
943 1794 1069 1866 dimetro
1102 1817 1173 1859 ana·

102 1893 249 1980 paestico.

568 2010 603 2097 a.
635 2009 709 2077 aar.

190 2141 338 2210 Mensura
358 2142 469 2232 dactfli
490 2166 577 2232 quum
599 2168 638 2210 ex
660 2144 776 2245 numeri
796 2143 913 2232 legibus
935 2145 1009 2210 baec
1030 2145 1081 2226 sit,

206 2378 294 2426 ,ζυυ

195 2495 242 2527 W

103 2625 203 2681 umen
232 2613 264 2680 in
294 2606 444 2703 plerisque
477 2617 613 2682 versibus
646 2615 803 2704 dactylicis
834 2624 944 2683 tantum
978 2614 1113 2705 dactylus
1145 2626 1175 2685 et

103 2715 255 2806 spondeus
276 2726 470 2805 usurpantur:
500 2718 531 2782 in
559 2719 717 2807 perpaucis
745 2726 776 2783 et
801 2739 871 2783 raro
893 2718 1173 2806 proceleusmaticus

101 2817 152 2884 vel
173 2824 367 2905 anapaestum
395 2818 445 2904 qui
473 2819 565 2907 pedes
592 2821 623 2885 in
646 2820 693 2885 his
714 2825 827 2884 tantum
854 2818 1009 2906 dactylicis
1038 2818 1174 2885 videntur

103 2919 221 2984 admitti
240 2938 341 3006 posse,
362 2939 484 3006 quorum
508 2920 585 2984 arsis
599 2941 657 2985 uon
675 2920 764 2985 babet
775 2941 940 2985 mensuram
951 2919 1171 2984 irrationalem:

102 3039 133 3086 v.
156 3018 192 3106 ᾖ.
212 3017 287 3085 285.
336 3019 435 3094 Quare
457 3020 494 3084 ab
516 3020 637 3086 heroico
661 3043 747 3086 versu
770 3030 800 3085 et
820 3026 1004 3108 pentametro
1026 3019 1173 3106 elegiaco,

104 3121 234 3208 aliisque
254 3121 433 3209 generibus,
458 3119 645 3206 logaoedicis
674 3122 819 3203 maxime,
846 3120 969 3186 exclusa
996 3128 1042 3186 est
1062 3119 1172 3186 solutio

103 3242 220 3289 aracos.
263 3221 450 3309 Omninoque
470 3222 544 3286 haec
564 3223 685 3306 solutio,
706 3222 803 3287 sicubi
824 3221 982 3305 invenitur,
1004 3221 1094 3286 dubia
1107 3223 1173 3286 sere

103 3333 170 3406 est,
190 3323 253 3388 uisi
272 3323 304 3387 in
325 3324 447 3388 nomine
465 3323 605 3411 proprio,
633 3333 665 3389 ut
690 3321 767 3412 apud
797 3320 961 3387 Pindarum
988 3321 1089 3388 lstbm.
1117 3322 1172 3391 lv.

102 3425 147 3491 rs
169 3422 240 3504 (uu.
261 3423 338 3508 aaa.

191 3540 272 3629 ipati
288 3537 469 3608 Τελεσιάδα.

574 3725 608 3812 ς.
632 3724 706 3792 aaa.

192 3860 346 3928 Catalexis
367 3860 579 3948 dactylicorum
603 3860 711 3947 duplex
733 3868 795 3945 est,
816 3862 847 3926 in
870 3858 1120 3948 monosyllabum,
1143 3869 1172 3925 et

102 3965 135 4029 iu
161 3962 354 4050 disyllabum:
378 3972 419 4046 ut,
