2654 4786
471 402 540 457 Lm.
558 402 591 457 ll.
626 399 705 456 chr.
721 400 843 455 xxxin.

466 719 601 794 (hss’.
621 720 847 794 xxxm.

302 893 368 965 De
411 895 746 992 anapaestis
790 895 1014 989 cycliis.

589 1109 624 1196 c.
653 1110 727 1178 eos.

212 1245 424 1328 Anapaesti
459 1244 578 1333 cyclii
605 1253 763 1328 vocantur,
801 1254 833 1311 ut
860 1245 896 1332 ἢ.
920 1242 994 1311 359.
1021 1236 1193 1330 iudicatum,

126 1350 176 1436 qui
197 1349 280 1414 arsin
301 1346 506 1413 irrationalem
528 1347 647 1412 hahent.
695 1346 783 1435 lique
809 1362 865 1413 nec
887 1346 1066 1414 solutionem
1089 1347 1193 1413 admit·

22 1519 24 1528 ,
125 1460 199 1533 tunt,
220 1450 280 1514 nisi
301 1449 380 1514 forte
392 1450 423 1513 in
436 1448 553 1515 nomine
565 1447 697 1536 proprio,
719 1447 1078 1537 necdiporliisincedunt,
1099 1471 1193 1537 coque

126 1553 213 1616 etiam
236 1572 360 1616 caesura
381 1558 492 1616 carent
535 1549 634 1614 Multa
655 1550 760 1615 horum
783 1559 813 1613 et
832 1550 917 1615 varia
936 1567 1052 1636 genera
1072 1559 1152 1617 sunl.

593 1735 629 1822 c.
651 1733 723 1800 soc.
754 1744 764 1767 ··

210 1870 394 1937 Referuntur
416 1871 473 1936 huc
493 1893 512 1936 a
534 1871 665 1972 metricis
687 1869 828 1967 dactylici
850 1871 967 1959 quidam
988 1872 1121 1957 numeri,
1144 1873 1192 1960 qui

125 1971 282 2037 anacrusin
304 1972 414 2038 hahent
434 1973 601 2056 iambicam,
621 1993 716 2060 coque
737 1971 858 2060 proprio
880 1994 938 2038 non
951 1982 1019 2039 sunt
1030 1974 1193 2063 anapaesti.

125 2073 167 2177 Vt
186 2066 244 2139 hoc
266 2066 390 2140 metrum
411 2073 601 2141 Archilochi:
690 2164 693 2169 ι
760 2172 763 2177 Ι
810 2164 812 2169 Δ

206 2191 411 2275 Ἐροσμονίδη
433 2194 583 2279 Χαρίλοε.

132 2367 135 2375 .,
211 2288 362 2381 ΔήμητρίΙ
377 2319 410 2360 τε
428 2304 533 2379 χεῖρας
554 2291 705 2376 ἀνασχών.

125 2427 161 2493 ln
194 2449 250 2515 quo
278 2451 367 2495 versu
394 2429 422 2495 si
449 2437 641 2519 anapaestum
668 2429 699 2493 in
722 2428 869 2518 principio
892 2429 1028 2518 posuisse
1051 2450 1195 2497 nonnum·

126 2550 212 2615 quam
233 2529 349 2595 videtur
371 2528 580 2612 Archilochus,
603 2531 766 2596 contractio
786 2529 885 2619 potius
907 2530 1066 2597 facienda:

211 2645 296 2730 ἐρέω,
318 2646 396 2711 nolo
420 2646 546 2732 φίλταθ’
572 2646 708 2732 ἑταίρων.

210 2750 332 2834 φιλέειν,
353 2745 481 2833 στυγνόν
501 2774 556 2832 περ
578 2746 677 2814 ἐόντα.

127 2883 216 2949 Ηοοο
236 2907 352 2952 versum
376 2895 405 2950 et
426 2885 516 2950 alium
540 2906 598 2950 una
618 2885 733 2972 syllaba
756 2885 921 2950 breviorem
942 2885 1043 2974 posuit
1058 2885 1199 2976 Aeschy-

126 2985 172 3051 lus
194 2986 226 3052 in
248 2987 332 3077 Sept.
355 2988 391 3054 ad
415 2988 515 3053 Theb.
537 2986 611 3087 757.

211 3106 342 3188 ἐγείνατο
363 3106 419 3188 μὲν
439 3104 536 3191 μόρον
558 3100 642 3193 αὑτῷ

211 3205 418 3290 πατροκτόνον
443 3206 622 3272 Οἰδιπόδαν.

594 3393 629 3480 ὁ.
650 3392 723 3459 395.

191 3525 271 3594 Vero
293 3529 446 3616 anapaesti
468 3528 557 3615 cyclii
578 3528 611 3594 hi
631 3537 708 3595 sunt.
753 3526 863 3594 Aesch.
885 3526 972 3594 Pers.
993 3524 1067 3594 954.
1089 3526 1168 3597 958.

210 3639 314 3708 Ἰάνων
335 3643 394 3731 γάρ
416 3643 552 3731 ἀπηύρα.

213 3743 400 3828 δοςὸαίμονά
421 3746 446 3813 τ’
473 3743 577 3812 ἀκτάν.

128 3882 168 3948 Et
189 3905 217 3948 v.
238 3880 311 3950 957.
354 3883 464 3971 Agam.
487 3883 559 3950 110.

212 4002 318 4085 νυχίαν
340 3999 443 4066 πλάκα
464 3997 655 4087 κερσάμενος.

213 4106 359 4189 δίθρονον
381 4103 502 4189 κράτος,
520 4098 667 4177 Ἑλλάδος
688 4096 776 4182 ἥβας.
