<?xml version="1.0" encoding="UTF-8"?>
<!DOCTYPE html PUBLIC "-//W3C//DTD XHTML 1.0 Transitional//EN"
    "http://www.w3.org/TR/xhtml1/DTD/xhtml1-transitional.dtd">
<html xmlns="http://www.w3.org/1999/xhtml" xml:lang="en" lang="en">
 <head>
  <title>
</title>
<meta http-equiv="Content-Type" content="text/html;charset=utf-8" />
  <meta name='ocr-system' content='tesseract 3.04.00' />
  <meta name='ocr-capabilities' content='ocr_page ocr_carea ocr_par ocr_line ocrx_word'/>
</head>
<body>
  <div class='ocr_page' id='page_1' title='image "./epitomedoctrina00harmgoog_0422.png"; bbox 0 0 2654 4786; ppageno 0'>
   <div class='ocr_carea' id='block_1_1' title="bbox 419 408 1192 667">
    <p class='ocr_par' dir='ltr' id='par_1_1' title="bbox 419 408 1192 667">
     <span class='ocr_line' id='line_1_1' title="bbox 419 408 1192 484; baseline -0.008 -2"><span class='ocrx_word' id='word_1_1' title='bbox 419 430 467 482; x_wconf 86' lang='lat' dir='ltr'><strong>nu</strong></span> <span class='ocrx_word' id='word_1_2' title='bbox 486 429 706 483; x_wconf 79' lang='lat' dir='ltr'><strong>cnuurunnvs</strong></span> <span class='ocrx_word' id='word_1_3' title='bbox 724 429 906 484; x_wconf 78' lang='grc'><strong>6776777676.</strong></span> <span class='ocrx_word' id='word_1_4' title='bbox 1127 408 1192 476; x_wconf 73' lang='grc'><strong>283</strong></span> 
     </span>
     <span class='ocr_line' id='line_1_2' title="bbox 593 580 721 667; baseline 0 -21"><span class='ocrx_word' id='word_1_5' title='bbox 593 580 629 667; x_wconf 63' lang='grc' dir='ltr'><strong>ς.</strong></span> <span class='ocrx_word' id='word_1_6' title='bbox 649 580 721 646; x_wconf 82' lang='grc'><strong>673.</strong></span> 
     </span>
    </p>
   </div>
   <div class='ocr_carea' id='block_1_2' title="bbox 126 701 1194 1008">
    <p class='ocr_par' dir='ltr' id='par_1_2' title="bbox 126 701 1194 1008">
     <span class='ocr_line' id='line_1_3' title="bbox 210 701 1192 806; baseline 0.001 -27"><span class='ocrx_word' id='word_1_7' title='bbox 210 714 309 804; x_wconf 80' lang='lat' dir='ltr'>Saepe</span> <span class='ocrx_word' id='word_1_8' title='bbox 331 727 427 782; x_wconf 89' lang='lat' dir='ltr'><strong>autem</strong></span> <span class='ocrx_word' id='word_1_9' title='bbox 449 717 557 782; x_wconf 85' lang='lat' dir='ltr'><strong>chorus</strong></span> <span class='ocrx_word' id='word_1_10' title='bbox 586 719 674 781; x_wconf 91' lang='lat' dir='ltr'><strong>etiam</strong></span> <span class='ocrx_word' id='word_1_11' title='bbox 697 717 727 780; x_wconf 93' lang='lat' dir='ltr'><strong>in</strong></span> <span class='ocrx_word' id='word_1_12' title='bbox 748 701 849 806; x_wconf 85' lang='lat' dir='ltr'><strong>plures</strong></span> <span class='ocrx_word' id='word_1_13' title='bbox 872 724 971 805; x_wconf 85' lang='lat' dir='ltr'><strong>partes</strong></span> <span class='ocrx_word' id='word_1_14' title='bbox 993 706 1192 795; x_wconf 82' lang='lat' dir='ltr'><strong>dividebatur3</strong></span> 
     </span>
     <span class='ocr_line' id='line_1_4' title="bbox 126 816 1194 906; baseline -0.002 -22"><span class='ocrx_word' id='word_1_15' title='bbox 126 819 195 906; x_wconf 87' lang='lat' dir='ltr'><strong>quin</strong></span> <span class='ocrx_word' id='word_1_16' title='bbox 218 817 364 883; x_wconf 89' lang='lat' dir='ltr'><strong>interdum</strong></span> <span class='ocrx_word' id='word_1_17' title='bbox 392 816 505 906; x_wconf 81' lang='lat' dir='ltr'>singuli</span> <span class='ocrx_word' id='word_1_18' title='bbox 532 840 571 882; x_wconf 83' lang='lat' dir='ltr'><strong>ex</strong></span> <span class='ocrx_word' id='word_1_19' title='bbox 597 816 655 885; x_wconf 88' lang='lat' dir='ltr'><strong>XV</strong></span> <span class='ocrx_word' id='word_1_20' title='bbox 682 817 851 882; x_wconf 84' lang='lat' dir='ltr'><strong>cantoribus</strong></span> <span class='ocrx_word' id='word_1_21' title='bbox 880 817 1016 882; x_wconf 86' lang='lat' dir='ltr'><strong>seorsim&#39;</strong></span> <span class='ocrx_word' id='word_1_22' title='bbox 1038 820 1194 898; x_wconf 85' lang='lat' dir='ltr'><strong>canebant,</strong></span> 
     </span>
     <span class='ocr_line' id='line_1_5' title="bbox 127 916 935 1008; baseline 0.002 -24"><span class='ocrx_word' id='word_1_23' title='bbox 127 930 158 984; x_wconf 89' lang='lat' dir='ltr'><strong>ut</strong></span> <span class='ocrx_word' id='word_1_24' title='bbox 180 920 210 983; x_wconf 91' lang='lat' dir='ltr'><strong>in</strong></span> <span class='ocrx_word' id='word_1_25' title='bbox 233 919 358 1008; x_wconf 88' lang='lat' dir='ltr'><strong>parodo,</strong></span> <span class='ocrx_word' id='word_1_26' title='bbox 380 941 454 1006; x_wconf 90' lang='lat' dir='ltr'><strong>quae</strong></span> <span class='ocrx_word' id='word_1_27' title='bbox 476 919 574 985; x_wconf 85' lang='lat' dir='ltr'><strong>estin</strong></span> <span class='ocrx_word' id='word_1_28' title='bbox 596 918 718 1008; x_wconf 85' lang='lat' dir='ltr'>Septem</span> <span class='ocrx_word' id='word_1_29' title='bbox 740 916 778 983; x_wconf 89' lang='lat' dir='ltr'><strong>ad</strong></span> <span class='ocrx_word' id='word_1_30' title='bbox 800 916 935 986; x_wconf 77' lang='lat' dir='ltr'><strong>Thebas.</strong></span> 
     </span>
    </p>
   </div>
   <div class='ocr_carea' id='block_1_3' title="bbox 597 1101 728 1191">
    <p class='ocr_par' dir='ltr' id='par_1_3' title="bbox 597 1101 728 1191">
     <span class='ocr_line' id='line_1_6' title="bbox 597 1101 728 1191; baseline 0.008 -23"><span class='ocrx_word' id='word_1_31' title='bbox 597 1104 632 1191; x_wconf 66' lang='grc' dir='ltr'><strong>ς.</strong></span> <span class='ocrx_word' id='word_1_32' title='bbox 654 1101 728 1169; x_wconf 81' lang='grc'><strong>677.</strong></span> 
     </span>
    </p>
   </div>
   <div class='ocr_carea' id='block_1_4' title="bbox 99 1254 1195 1548">
    <p class='ocr_par' dir='ltr' id='par_1_4' title="bbox 99 1254 1195 1548">
     <span class='ocr_line' id='line_1_7' title="bbox 213 1254 1194 1344; baseline 0 -22"><span class='ocrx_word' id='word_1_33' title='bbox 213 1256 317 1331; x_wconf 79' lang='lat' dir='ltr'><strong>Qualis</strong></span> <span class='ocrx_word' id='word_1_34' title='bbox 338 1257 430 1323; x_wconf 89' lang='lat' dir='ltr'><strong>fuerit</strong></span> <span class='ocrx_word' id='word_1_35' title='bbox 451 1279 565 1344; x_wconf 86' lang='lat' dir='ltr'><strong>quoqne</strong></span> <span class='ocrx_word' id='word_1_36' title='bbox 586 1258 616 1321; x_wconf 93' lang='lat' dir='ltr'><strong>in</strong></span> <span class='ocrx_word' id='word_1_37' title='bbox 639 1255 705 1321; x_wconf 89' lang='lat' dir='ltr'><strong>loco</strong></span> <span class='ocrx_word' id='word_1_38' title='bbox 726 1255 835 1323; x_wconf 84' lang='lat' dir='ltr'><strong>divisio</strong></span> <span class='ocrx_word' id='word_1_39' title='bbox 858 1264 888 1320; x_wconf 92' lang='lat' dir='ltr'><strong>et</strong></span> <span class='ocrx_word' id='word_1_40' title='bbox 908 1254 1077 1323; x_wconf 75' lang='lat' dir='ltr'><strong>distributio</strong></span> <span class='ocrx_word' id='word_1_41' title='bbox 1099 1258 1194 1341; x_wconf 88' lang='lat' dir='ltr'><strong>chori,</strong></span> 
     </span>
     <span class='ocr_line' id='line_1_8' title="bbox 126 1356 1195 1446; baseline -0.002 -21"><span class='ocrx_word' id='word_1_42' title='bbox 126 1380 206 1425; x_wconf 90' lang='lat' dir='ltr'><strong>nunc</strong></span> <span class='ocrx_word' id='word_1_43' title='bbox 226 1380 265 1422; x_wconf 88' lang='lat' dir='ltr'><strong>ex</strong></span> <span class='ocrx_word' id='word_1_44' title='bbox 286 1367 477 1444; x_wconf 83' lang='lat' dir='ltr'><strong>argumento,</strong></span> <span class='ocrx_word' id='word_1_45' title='bbox 499 1380 577 1425; x_wconf 92' lang='lat' dir='ltr'><strong>nnuc</strong></span> <span class='ocrx_word' id='word_1_46' title='bbox 599 1380 638 1423; x_wconf 82' lang='lat' dir='ltr'><strong>ex</strong></span> <span class='ocrx_word' id='word_1_47' title='bbox 660 1356 856 1446; x_wconf 76' lang='lat' dir='ltr'><strong>dispositione</strong></span> <span class='ocrx_word' id='word_1_48' title='bbox 884 1359 1090 1446; x_wconf 82' lang='lat' dir='ltr'><strong>stropharum,</strong></span> <span class='ocrx_word' id='word_1_49' title='bbox 1116 1380 1195 1425; x_wconf 91' lang='lat' dir='ltr'><strong>nunc</strong></span> 
     </span>
     <span class='ocr_line' id='line_1_9' title="bbox 99 1459 697 1548; baseline 0 -24"><span class='ocrx_word' id='word_1_50' title='bbox 99 1464 167 1526; x_wconf 84' lang='lat' dir='ltr'><strong>‘ex</strong></span> <span class='ocrx_word' id='word_1_51' title='bbox 187 1459 318 1525; x_wconf 87' lang='lat' dir='ltr'><strong>numeris</strong></span> <span class='ocrx_word' id='word_1_52' title='bbox 339 1460 454 1526; x_wconf 87' lang='lat' dir='ltr'><strong>videtur</strong></span> <span class='ocrx_word' id='word_1_53' title='bbox 475 1460 579 1546; x_wconf 80' lang='lat' dir='ltr'><strong>colligi</strong></span> <span class='ocrx_word' id='word_1_54' title='bbox 599 1481 697 1548; x_wconf 87' lang='lat' dir='ltr'><strong>posse.</strong></span> 
     </span>
    </p>
   </div>
   <div class='ocr_carea' id='block_1_5' title="bbox 596 1644 724 1730">
    <p class='ocr_par' dir='ltr' id='par_1_5' title="bbox 596 1644 724 1730">
     <span class='ocr_line' id='line_1_10' title="bbox 596 1644 724 1730; baseline -0.023 -18"><span class='ocrx_word' id='word_1_55' title='bbox 596 1644 630 1730; x_wconf 77' lang='lat'><strong>§-</strong></span> <span class='ocrx_word' id='word_1_56' title='bbox 651 1644 724 1712; x_wconf 85' lang='grc'><strong>676.</strong></span> 
     </span>
    </p>
   </div>
   <div class='ocr_carea' id='block_1_6' title="bbox 126 1794 1262 2189">
    <p class='ocr_par' dir='ltr' id='par_1_6' title="bbox 126 1794 1262 2189">
     <span class='ocr_line' id='line_1_11' title="bbox 212 1794 1262 1885; baseline 0.003 -26"><span class='ocrx_word' id='word_1_57' title='bbox 212 1794 268 1860; x_wconf 81' lang='lat' dir='ltr'><strong>lta¹</strong></span> <span class='ocrx_word' id='word_1_58' title='bbox 284 1796 360 1883; x_wconf 89' lang='lat' dir='ltr'><strong>quod</strong></span> <span class='ocrx_word' id='word_1_59' title='bbox 390 1798 420 1860; x_wconf 95' lang='lat' dir='ltr'><strong>in</strong></span> <span class='ocrx_word' id='word_1_60' title='bbox 450 1798 672 1883; x_wconf 71' lang='lat' dir='ltr'><strong>Agamemnone</strong></span> <span class='ocrx_word' id='word_1_61' title='bbox 701 1797 845 1861; x_wconf 85' lang='lat' dir='ltr'><strong>cauticum</strong></span> <span class='ocrx_word' id='word_1_62' title='bbox 877 1807 923 1862; x_wconf 85' lang='lat' dir='ltr'><strong>est</strong></span> <span class='ocrx_word' id='word_1_63' title='bbox 951 1819 969 1862; x_wconf 90' lang='lat' dir='ltr'><strong>a</strong></span> <span class='ocrx_word' id='word_1_64' title='bbox 996 1820 1022 1863; x_wconf 90' lang='lat' dir='ltr'><strong>v.</strong></span> <span class='ocrx_word' id='word_1_65' title='bbox 1049 1796 1219 1885; x_wconf 68' lang='lat' dir='ltr'><strong>375.qu·1,</strong></span> <span class='ocrx_word' id='word_1_66' title='bbox 1257 1803 1262 1810; x_wconf 85' lang='lat'>&#39;</span> 
     </span>
     <span class='ocr_line' id='line_1_12' title="bbox 127 1897 1195 1986; baseline 0.002 -25"><span class='ocrx_word' id='word_1_67' title='bbox 127 1906 265 1961; x_wconf 89' lang='lat' dir='ltr'><strong>accurate</strong></span> <span class='ocrx_word' id='word_1_68' title='bbox 285 1897 530 1979; x_wconf 80' lang='lat' dir='ltr'><strong>consideraverit,</strong></span> <span class='ocrx_word' id='word_1_69' title='bbox 551 1899 641 1964; x_wconf 88' lang='lat' dir='ltr'><strong>facile</strong></span> <span class='ocrx_word' id='word_1_70' title='bbox 662 1898 834 1980; x_wconf 82' lang='lat' dir='ltr'><strong>adducetur,</strong></span> <span class='ocrx_word' id='word_1_71' title='bbox 856 1898 943 1986; x_wconf 90' lang='lat' dir='ltr'><strong>epodi</strong></span> <span class='ocrx_word' id='word_1_72' title='bbox 965 1898 1071 1985; x_wconf 83' lang='lat' dir='ltr'><strong>dequo</strong></span> <span class='ocrx_word' id='word_1_73' title='bbox 1087 1899 1195 1964; x_wconf 85' lang='lat' dir='ltr'><strong>dictum</strong></span> 
     </span>
     <span class='ocr_line' id='line_1_13' title="bbox 127 1997 1195 2088; baseline 0.003 -26"><span class='ocrx_word' id='word_1_74' title='bbox 127 2007 174 2062; x_wconf 85' lang='lat' dir='ltr'><strong>eat</strong></span> <span class='ocrx_word' id='word_1_75' title='bbox 201 1998 235 2081; x_wconf 79' lang='lat'><strong>§.</strong></span> <span class='ocrx_word' id='word_1_76' title='bbox 257 1997 328 2062; x_wconf 86' lang='grc'><strong>669.</strong></span> <span class='ocrx_word' id='word_1_77' title='bbox 346 2008 562 2086; x_wconf 68' lang='lat' dir='ltr'><strong>⁴argumentum</strong></span> <span class='ocrx_word' id='word_1_78' title='bbox 590 2021 649 2065; x_wconf 95' lang='lat' dir='ltr'><strong>non</strong></span> <span class='ocrx_word' id='word_1_79' title='bbox 672 2001 726 2064; x_wconf 88' lang='lat' dir='ltr'><strong>toti</strong></span> <span class='ocrx_word' id='word_1_80' title='bbox 749 2001 857 2081; x_wconf 88' lang='lat' dir='ltr'><strong>choro,</strong></span> <span class='ocrx_word' id='word_1_81' title='bbox 885 2000 938 2065; x_wconf 84' lang='lat' dir='ltr'><strong>aed</strong></span> <span class='ocrx_word' id='word_1_82' title='bbox 971 2002 1102 2088; x_wconf 80' lang='lat' dir='ltr'><strong>exiguae</strong></span> <span class='ocrx_word' id='word_1_83' title='bbox 1130 2001 1195 2065; x_wconf 86' lang='lat' dir='ltr'><strong>eius</strong></span> 
     </span>
     <span class='ocr_line' id='line_1_14' title="bbox 126 2100 895 2189; baseline 0.004 -26"><span class='ocrx_word' id='word_1_84' title='bbox 126 2101 206 2186; x_wconf 87' lang='lat' dir='ltr'><strong>parti</strong></span> <span class='ocrx_word' id='word_1_85' title='bbox 228 2100 396 2164; x_wconf 80' lang='lat' dir='ltr'><strong>convenire.</strong></span> <span class='ocrx_word' id='word_1_86' title='bbox 441 2101 519 2167; x_wconf 87' lang='lat' dir='ltr'><strong>Vide</strong></span> <span class='ocrx_word' id='word_1_87' title='bbox 541 2101 636 2166; x_wconf 85' lang='lat' dir='ltr'><strong>Elem.</strong></span> <span class='ocrx_word' id='word_1_88' title='bbox 660 2100 688 2166; x_wconf 89' lang='lat' dir='ltr'><strong>d.</strong></span> <span class='ocrx_word' id='word_1_89' title='bbox 711 2122 749 2166; x_wconf 87' lang='lat' dir='ltr'><strong>m.</strong></span> <span class='ocrx_word' id='word_1_90' title='bbox 771 2122 799 2189; x_wconf 93' lang='lat' dir='ltr'><strong>p.</strong></span> <span class='ocrx_word' id='word_1_91' title='bbox 821 2100 895 2167; x_wconf 78' lang='lat'><strong>728.</strong></span> 
     </span>
    </p>
   </div>
   <div class='ocr_carea' id='block_1_7' title="bbox 215 2286 1195 2529">
    <p class='ocr_par' dir='ltr' id='par_1_7' title="bbox 215 2286 1195 2529">
     <span class='ocr_line' id='line_1_15' title="bbox 595 2286 726 2372; baseline 0.008 -20"><span class='ocrx_word' id='word_1_92' title='bbox 595 2286 630 2372; x_wconf 74' lang='lat' dir='ltr'><strong>s.</strong></span> <span class='ocrx_word' id='word_1_93' title='bbox 652 2287 726 2353; x_wconf 90' lang='grc'><strong>676.</strong></span> 
     </span>
     <span class='ocr_line' id='line_1_16' title="bbox 215 2428 1195 2529; baseline 0 -29"><span class='ocrx_word' id='word_1_94' title='bbox 215 2436 255 2501; x_wconf 87' lang='lat' dir='ltr'><strong>Et</strong></span> <span class='ocrx_word' id='word_1_95' title='bbox 276 2437 352 2524; x_wconf 93' lang='lat' dir='ltr'><strong>quod</strong></span> <span class='ocrx_word' id='word_1_96' title='bbox 376 2437 410 2523; x_wconf 77' lang='lat'><strong>§.</strong></span> <span class='ocrx_word' id='word_1_97' title='bbox 431 2436 504 2502; x_wconf 85' lang='grc'><strong>669.</strong></span> <span class='ocrx_word' id='word_1_98' title='bbox 537 2439 573 2504; x_wconf 89' lang='lat' dir='ltr'><strong>de</strong></span> <span class='ocrx_word' id='word_1_99' title='bbox 602 2438 715 2529; x_wconf 90' lang='lat' dir='ltr'><strong>parodo</strong></span> <span class='ocrx_word' id='word_1_100' title='bbox 744 2437 874 2504; x_wconf 85' lang='lat' dir='ltr'><strong>diximus</strong></span> <span class='ocrx_word' id='word_1_101' title='bbox 902 2428 1040 2526; x_wconf 63' lang='lat' dir='ltr'><strong>epodum&#39;</strong></span> <span class='ocrx_word' id='word_1_102' title='bbox 1058 2438 1195 2519; x_wconf 82' lang='lat' dir='ltr'><strong>habente,</strong></span> 
     </span>
    </p>
   </div>
   <div class='ocr_carea' id='block_1_8' title="bbox 127 2538 1196 2730">
    <p class='ocr_par' dir='ltr' id='par_1_8' title="bbox 127 2538 1196 2730">
     <span class='ocr_line' id='line_1_17' title="bbox 129 2538 1194 2628; baseline 0.002 -26"><span class='ocrx_word' id='word_1_103' title='bbox 129 2558 215 2626; x_wconf 83' lang='lat' dir='ltr'><strong>quam</strong></span> <span class='ocrx_word' id='word_1_104' title='bbox 244 2539 396 2603; x_wconf 85' lang='lat' dir='ltr'><strong>stasimum</strong></span> <span class='ocrx_word' id='word_1_105' title='bbox 427 2539 573 2628; x_wconf 82' lang='lat' dir='ltr'><strong>excipiat,</strong></span> <span class='ocrx_word' id='word_1_106' title='bbox 607 2562 735 2627; x_wconf 83' lang='lat' dir='ltr'><strong>arguere</strong></span> <span class='ocrx_word' id='word_1_107' title='bbox 771 2540 908 2621; x_wconf 88' lang='lat' dir='ltr'><strong>videtur,</strong></span> <span class='ocrx_word' id='word_1_108' title='bbox 949 2539 1071 2602; x_wconf 89' lang='lat' dir='ltr'><strong>chorum</strong></span> <span class='ocrx_word' id='word_1_109' title='bbox 1104 2538 1194 2604; x_wconf 87' lang='lat' dir='ltr'><strong>initio</strong></span> 
     </span>
     <span class='ocr_line' id='line_1_18' title="bbox 127 2638 1196 2730; baseline 0.001 -27"><span class='ocrx_word' id='word_1_110' title='bbox 127 2641 162 2704; x_wconf 82' lang='lat' dir='ltr'><strong>in</strong></span> <span class='ocrx_word' id='word_1_111' title='bbox 181 2654 282 2728; x_wconf 85' lang='lat' dir='ltr'><strong>partes</strong></span> <span class='ocrx_word' id='word_1_112' title='bbox 311 2639 424 2726; x_wconf 88' lang='lat' dir='ltr'><strong>aliquas</strong></span> <span class='ocrx_word' id='word_1_113' title='bbox 451 2641 593 2723; x_wconf 87' lang='lat' dir='ltr'><strong>divisum,</strong></span> <span class='ocrx_word' id='word_1_114' title='bbox 621 2642 776 2730; x_wconf 85' lang='lat' dir='ltr'><strong>strophas,</strong></span> <span class='ocrx_word' id='word_1_115' title='bbox 809 2641 1027 2729; x_wconf 84' lang='lat' dir='ltr'><strong>antistrophas,</strong></span> <span class='ocrx_word' id='word_1_116' title='bbox 1058 2638 1196 2729; x_wconf 89' lang='lat' dir='ltr'><strong>epodum,</strong></span> 
     </span>
    </p>
   </div>
   <div class='ocr_carea' id='block_1_9' title="bbox 128 2741 1324 2829">
    <p class='ocr_par' dir='ltr' id='par_1_9' title="bbox 128 2741 1324 2829">
     <span class='ocr_line' id='line_1_19' title="bbox 128 2741 1324 2829; baseline 0 -23"><span class='ocrx_word' id='word_1_117' title='bbox 128 2741 237 2806; x_wconf 86' lang='lat' dir='ltr'><strong>deinde</strong></span> <span class='ocrx_word' id='word_1_118' title='bbox 253 2749 360 2805; x_wconf 79' lang='lat' dir='ltr'><strong>‘antem</strong></span> <span class='ocrx_word' id='word_1_119' title='bbox 384 2741 430 2806; x_wconf 84' lang='lat' dir='ltr'><strong>vel</strong></span> <span class='ocrx_word' id='word_1_120' title='bbox 453 2742 482 2805; x_wconf 94' lang='lat' dir='ltr'><strong>in</strong></span> <span class='ocrx_word' id='word_1_121' title='bbox 505 2765 593 2807; x_wconf 90' lang='lat' dir='ltr'><strong>unum</strong></span> <span class='ocrx_word' id='word_1_122' title='bbox 616 2755 831 2829; x_wconf 82' lang='lat' dir='ltr'><strong>congregatum</strong></span> <span class='ocrx_word' id='word_1_123' title='bbox 854 2741 900 2807; x_wconf 88' lang='lat' dir='ltr'><strong>vel</strong></span> <span class='ocrx_word' id='word_1_124' title='bbox 929 2742 988 2807; x_wconf 90' lang='lat' dir='ltr'><strong>alio</strong></span> <span class='ocrx_word' id='word_1_125' title='bbox 1018 2741 1104 2806; x_wconf 88' lang='lat' dir='ltr'><strong>modo</strong></span> <span class='ocrx_word' id='word_1_126' title='bbox 1135 2741 1195 2806; x_wconf 91' lang='lat' dir='ltr'><strong>dis·</strong></span> <span class='ocrx_word' id='word_1_127' title='bbox 1319 2763 1324 2770; x_wconf 73' lang='grc'><em>’</em></span> 
     </span>
    </p>
   </div>
   <div class='ocr_carea' id='block_1_10' title="bbox 128 2841 992 2931">
    <p class='ocr_par' dir='ltr' id='par_1_10' title="bbox 128 2841 992 2931">
     <span class='ocr_line' id='line_1_20' title="bbox 128 2841 992 2931; baseline -0.001 -24"><span class='ocrx_word' id='word_1_128' title='bbox 128 2843 256 2930; x_wconf 90' lang='lat' dir='ltr'><strong>positum</strong></span> <span class='ocrx_word' id='word_1_129' title='bbox 277 2841 345 2908; x_wconf 87' lang='lat' dir='ltr'><strong>illas</strong></span> <span class='ocrx_word' id='word_1_130' title='bbox 368 2844 518 2931; x_wconf 86' lang='lat' dir='ltr'><strong>strophas,</strong></span> <span class='ocrx_word' id='word_1_131' title='bbox 540 2865 615 2930; x_wconf 91' lang='lat' dir='ltr'><strong>quae</strong></span> <span class='ocrx_word' id='word_1_132' title='bbox 637 2845 753 2909; x_wconf 84' lang='lat' dir='ltr'><strong>stasimi</strong></span> <span class='ocrx_word' id='word_1_133' title='bbox 774 2852 853 2925; x_wconf 89' lang='lat' dir='ltr'><strong>sunt,</strong></span> <span class='ocrx_word' id='word_1_134' title='bbox 875 2864 992 2908; x_wconf 82' lang='lat' dir='ltr'><strong>canere.</strong></span> 
     </span>
    </p>
   </div>
   <div class='ocr_carea' id='block_1_11' title="bbox 600 3029 784 3115">
    <p class='ocr_par' dir='ltr' id='par_1_11' title="bbox 600 3029 784 3115">
     <span class='ocr_line' id='line_1_21' title="bbox 600 3029 784 3115; baseline 0 -21"><span class='ocrx_word' id='word_1_135' title='bbox 600 3029 634 3115; x_wconf 70' lang='lat' dir='ltr'><strong>s.</strong></span> <span class='ocrx_word' id='word_1_136' title='bbox 652 3029 726 3094; x_wconf 92' lang='grc'><strong>677.</strong></span> <span class='ocrx_word' id='word_1_137' title='bbox 780 3108 784 3114; x_wconf 45' lang='grc'><em>,</em></span> 
     </span>
    </p>
   </div>
   <div class='ocr_carea' id='block_1_12' title="bbox 128 3178 1195 3672">
    <p class='ocr_par' dir='ltr' id='par_1_12' title="bbox 128 3178 1195 3672">
     <span class='ocr_line' id='line_1_22' title="bbox 214 3178 1194 3269; baseline 0.004 -26"><span class='ocrx_word' id='word_1_138' title='bbox 214 3178 463 3253; x_wconf 80' lang='lat' dir='ltr'><strong>Quemadmodum</strong></span> <span class='ocrx_word' id='word_1_139' title='bbox 484 3183 647 3264; x_wconf 85' lang='lat' dir='ltr'><strong>stasimnm,</strong></span> <span class='ocrx_word' id='word_1_140' title='bbox 670 3182 745 3268; x_wconf 91' lang='lat' dir='ltr'><strong>qnod</strong></span> <span class='ocrx_word' id='word_1_141' title='bbox 770 3193 837 3268; x_wconf 86' lang='lat' dir='ltr'><strong>post</strong></span> <span class='ocrx_word' id='word_1_142' title='bbox 857 3181 1000 3269; x_wconf 85' lang='lat' dir='ltr'><strong>paredum</strong></span> <span class='ocrx_word' id='word_1_143' title='bbox 1023 3191 1092 3264; x_wconf 90' lang='lat' dir='ltr'><strong>est,</strong></span> <span class='ocrx_word' id='word_1_144' title='bbox 1119 3181 1194 3247; x_wconf 90' lang='lat' dir='ltr'><strong>alios</strong></span> 
     </span>
     <span class='ocr_line' id='line_1_23' title="bbox 129 3281 1195 3370; baseline 0.005 -26"><span class='ocrx_word' id='word_1_145' title='bbox 129 3302 216 3368; x_wconf 89' lang='lat' dir='ltr'><strong>quam</strong></span> <span class='ocrx_word' id='word_1_146' title='bbox 237 3281 379 3368; x_wconf 88' lang='lat' dir='ltr'><strong>parodum</strong></span> <span class='ocrx_word' id='word_1_147' title='bbox 402 3281 506 3347; x_wconf 87' lang='lat' dir='ltr'><strong>modos</strong></span> <span class='ocrx_word' id='word_1_148' title='bbox 528 3283 645 3368; x_wconf 89' lang='lat' dir='ltr'><strong>aliaque</strong></span> <span class='ocrx_word' id='word_1_149' title='bbox 667 3292 761 3347; x_wconf 86' lang='lat' dir='ltr'><strong>metra</strong></span> <span class='ocrx_word' id='word_1_150' title='bbox 783 3282 892 3347; x_wconf 89' lang='lat' dir='ltr'><strong>habere</strong></span> <span class='ocrx_word' id='word_1_151' title='bbox 914 3304 969 3370; x_wconf 90' lang='lat' dir='ltr'><strong>par</strong></span> <span class='ocrx_word' id='word_1_152' title='bbox 991 3291 1046 3365; x_wconf 88' lang='lat' dir='ltr'><strong>est,</strong></span> <span class='ocrx_word' id='word_1_153' title='bbox 1068 3283 1112 3347; x_wconf 90' lang='lat' dir='ltr'><strong>sic</strong></span> <span class='ocrx_word' id='word_1_154' title='bbox 1133 3282 1195 3349; x_wconf 86' lang='lat' dir='ltr'><strong>sin·</strong></span> 
     </span>
     <span class='ocr_line' id='line_1_24' title="bbox 128 3379 1195 3471; baseline 0.002 -25"><span class='ocrx_word' id='word_1_155' title='bbox 128 3381 202 3468; x_wconf 80' lang='lat' dir='ltr'><strong>gula</strong></span> <span class='ocrx_word' id='word_1_156' title='bbox 227 3383 414 3470; x_wconf 82' lang='lat' dir='ltr'><strong>stropharum</strong></span> <span class='ocrx_word' id='word_1_157' title='bbox 442 3383 527 3471; x_wconf 88' lang='lat' dir='ltr'><strong>paria</strong></span> <span class='ocrx_word' id='word_1_158' title='bbox 554 3405 613 3446; x_wconf 93' lang='lat' dir='ltr'><strong>non</strong></span> <span class='ocrx_word' id='word_1_159' title='bbox 635 3382 729 3449; x_wconf 90' lang='lat' dir='ltr'><strong>solum</strong></span> <span class='ocrx_word' id='word_1_160' title='bbox 752 3383 871 3465; x_wconf 77' lang='lat' dir='ltr'><strong>metria,</strong></span> <span class='ocrx_word' id='word_1_161' title='bbox 902 3383 954 3449; x_wconf 91' lang='lat' dir='ltr'><strong>sed</strong></span> <span class='ocrx_word' id='word_1_162' title='bbox 983 3383 1071 3450; x_wconf 87' lang='lat' dir='ltr'><strong>etiam</strong></span> <span class='ocrx_word' id='word_1_163' title='bbox 1100 3379 1195 3449; x_wconf 86' lang='lat' dir='ltr'><strong>modis</strong></span> 
     </span>
     <span class='ocr_line' id='line_1_25' title="bbox 128 3482 1195 3574; baseline 0.002 -26"><span class='ocrx_word' id='word_1_164' title='bbox 128 3483 251 3548; x_wconf 89' lang='lat' dir='ltr'><strong>musicis</strong></span> <span class='ocrx_word' id='word_1_165' title='bbox 264 3482 398 3566; x_wconf 85' lang='lat' dir='ltr'><strong>differre,</strong></span> <span class='ocrx_word' id='word_1_166' title='bbox 421 3507 459 3548; x_wconf 81' lang='lat' dir='ltr'><strong>ex</strong></span> <span class='ocrx_word' id='word_1_167' title='bbox 481 3484 548 3571; x_wconf 87' lang='lat' dir='ltr'><strong>ipsa</strong></span> <span class='ocrx_word' id='word_1_168' title='bbox 559 3493 718 3549; x_wconf 85' lang='lat' dir='ltr'><strong>metrorum</strong></span> <span class='ocrx_word' id='word_1_169' title='bbox 742 3483 980 3550; x_wconf 79' lang='lat' dir='ltr'><strong>conformatione</strong></span> <span class='ocrx_word' id='word_1_170' title='bbox 1003 3493 1136 3574; x_wconf 88' lang='lat' dir='ltr'><strong>apparet,</strong></span> <span class='ocrx_word' id='word_1_171' title='bbox 1164 3495 1195 3550; x_wconf 89' lang='lat' dir='ltr'><strong>ut</strong></span> 
     </span>
     <span class='ocr_line' id='line_1_26' title="bbox 129 3582 1053 3672; baseline 0.005 -25"><span class='ocrx_word' id='word_1_172' title='bbox 129 3583 161 3651; x_wconf 95' lang='lat' dir='ltr'><strong>in</strong></span> <span class='ocrx_word' id='word_1_173' title='bbox 183 3582 299 3672; x_wconf 87' lang='lat' dir='ltr'><strong>Oedipo</strong></span> <span class='ocrx_word' id='word_1_174' title='bbox 321 3584 410 3671; x_wconf 86' lang='lat' dir='ltr'><strong>Rege</strong></span> <span class='ocrx_word' id='word_1_175' title='bbox 432 3585 463 3649; x_wconf 94' lang='lat' dir='ltr'><strong>in</strong></span> <span class='ocrx_word' id='word_1_176' title='bbox 485 3606 521 3650; x_wconf 85' lang='lat' dir='ltr'><strong>eo</strong></span> <span class='ocrx_word' id='word_1_177' title='bbox 543 3587 684 3667; x_wconf 89' lang='lat' dir='ltr'><strong>carmine,</strong></span> <span class='ocrx_word' id='word_1_178' title='bbox 705 3584 782 3672; x_wconf 89' lang='lat' dir='ltr'><strong>quod</strong></span> <span class='ocrx_word' id='word_1_179' title='bbox 805 3595 848 3650; x_wconf 90' lang='lat' dir='ltr'><strong>est</strong></span> <span class='ocrx_word' id='word_1_180' title='bbox 871 3607 889 3649; x_wconf 89' lang='lat' dir='ltr'><strong>a</strong></span> <span class='ocrx_word' id='word_1_181' title='bbox 911 3608 937 3650; x_wconf 90' lang='lat' dir='ltr'><strong>v.</strong></span> <span class='ocrx_word' id='word_1_182' title='bbox 962 3585 1053 3652; x_wconf 81' lang='grc'><strong>1166.</strong></span> 
     </span>
    </p>
   </div>
   <div class='ocr_carea' id='block_1_13' title="bbox 598 3769 727 3857">
    <p class='ocr_par' dir='ltr' id='par_1_13' title="bbox 598 3769 727 3857">
     <span class='ocr_line' id='line_1_27' title="bbox 598 3769 727 3857; baseline 0.016 -22"><span class='ocrx_word' id='word_1_183' title='bbox 598 3769 632 3857; x_wconf 69' lang='lat' dir='ltr'><strong>s.</strong></span> <span class='ocrx_word' id='word_1_184' title='bbox 654 3769 727 3837; x_wconf 86' lang='grc'><strong>676.</strong></span> 
     </span>
    </p>
   </div>
   <div class='ocr_carea' id='block_1_14' title="bbox 130 3919 1196 4215">
    <p class='ocr_par' dir='ltr' id='par_1_14' title="bbox 130 3919 1196 4215">
     <span class='ocr_line' id='line_1_28' title="bbox 213 3919 1195 4012; baseline 0.008 -29"><span class='ocrx_word' id='word_1_185' title='bbox 213 3919 249 3984; x_wconf 95' lang='lat' dir='ltr'><strong>ln</strong></span> <span class='ocrx_word' id='word_1_186' title='bbox 277 3920 458 4004; x_wconf 82' lang='lat' dir='ltr'><strong>tragicorum</strong></span> <span class='ocrx_word' id='word_1_187' title='bbox 492 3923 612 4010; x_wconf 73' lang='lat' dir='ltr'><strong>psarodis</strong></span> <span class='ocrx_word' id='word_1_188' title='bbox 647 3932 677 3987; x_wconf 84' lang='lat' dir='ltr'><strong>et</strong></span> <span class='ocrx_word' id='word_1_189' title='bbox 708 3923 840 3988; x_wconf 86' lang='lat' dir='ltr'><strong>stasimis</strong></span> <span class='ocrx_word' id='word_1_190' title='bbox 871 3944 962 4012; x_wconf 88' lang='lat' dir='ltr'><strong>saepe</strong></span> <span class='ocrx_word' id='word_1_191' title='bbox 992 3923 1195 3991; x_wconf 85' lang='lat' dir='ltr'><strong>difficultatem</strong></span> 
     </span>
     <span class='ocr_line' id='line_1_29' title="bbox 130 4022 1196 4109; baseline 0.004 -24"><span class='ocrx_word' id='word_1_192' title='bbox 130 4022 242 4086; x_wconf 89' lang='lat' dir='ltr'><strong>habent</strong></span> <span class='ocrx_word' id='word_1_193' title='bbox 260 4022 391 4109; x_wconf 91' lang='lat' dir='ltr'><strong>epodi,</strong></span> <span class='ocrx_word' id='word_1_194' title='bbox 414 4045 536 4109; x_wconf 86' lang='lat' dir='ltr'><strong>quarum</strong></span> <span class='ocrx_word' id='word_1_195' title='bbox 558 4022 718 4088; x_wconf 77' lang='lat' dir='ltr'><strong>nonnullae</strong></span> <span class='ocrx_word' id='word_1_196' title='bbox 739 4031 821 4089; x_wconf 88' lang='lat' dir='ltr'><strong>tanta</strong></span> <span class='ocrx_word' id='word_1_197' title='bbox 842 4034 909 4089; x_wconf 83' lang='lat' dir='ltr'><strong>suut</strong></span> <span class='ocrx_word' id='word_1_198' title='bbox 930 4032 1090 4091; x_wconf 84' lang='lat' dir='ltr'><strong>metrorum</strong></span> <span class='ocrx_word' id='word_1_199' title='bbox 1112 4026 1196 4092; x_wconf 83' lang='lat' dir='ltr'><strong>sinui·</strong></span> 
     </span>
     <span class='ocr_line' id='line_1_30' title="bbox 130 4121 1196 4215; baseline 0.008 -29"><span class='ocrx_word' id='word_1_200' title='bbox 130 4121 255 4189; x_wconf 91' lang='lat' dir='ltr'><strong>litudine</strong></span> <span class='ocrx_word' id='word_1_201' title='bbox 277 4123 391 4206; x_wconf 82' lang='lat' dir='ltr'><strong>lactas,</strong></span> <span class='ocrx_word' id='word_1_202' title='bbox 418 4130 451 4189; x_wconf 91' lang='lat' dir='ltr'><strong>ut</strong></span> <span class='ocrx_word' id='word_1_203' title='bbox 475 4124 755 4208; x_wconf 82' lang='lat' dir='ltr'><strong>antistrophicorum</strong></span> <span class='ocrx_word' id='word_1_204' title='bbox 783 4126 912 4215; x_wconf 82' lang='lat' dir='ltr'><strong>speeiem</strong></span> <span class='ocrx_word' id='word_1_205' title='bbox 940 4147 1016 4214; x_wconf 84' lang='lat' dir='ltr'><strong>pena</strong></span> <span class='ocrx_word' id='word_1_206' title='bbox 1036 4127 1196 4194; x_wconf 79' lang='lat' dir='ltr'><strong>obtrudere</strong></span> 
     </span>
    </p>
   </div>
   <div class='ocr_carea' id='block_1_15' title="bbox 0 0 1337 4786">
    <p class='ocr_par' dir='ltr' id='par_1_15' title="bbox 0 0 1337 4786">
     <span class='ocr_line' id='line_1_31' title="bbox 0 0 1337 4786; baseline 0 0"><span class='ocrx_word' id='word_1_207' title='bbox 0 0 1337 4786; x_wconf 95' lang='lat' dir='ltr'><strong> </strong></span> 
     </span>
    </p>
   </div>
  </div>
 </body>
</html>
