2654 4786
124 356 185 425 114
474 373 543 428 nm.
561 374 605 428 ιι..
623 373 820 428 σιασιιιιν.

591 522 629 610 ⁵·
643 524 724 607 ‘³⁰¹2

155 698 157 703 ·
209 659 411 730 Vehementer
431 659 570 725 delectati
591 666 660 724 sunt
680 679 803 724 numero
815 656 963 746 dactylico
976 655 1192 746 lyricimediae

125 762 243 844 aetatis,
265 761 408 844 Alcman,
435 760 643 844 Stesichorus,
664 759 790 847 lhycns,
819 761 861 824 ite
881 768 914 824 ut
934 780 994 824 non
1016 758 1105 824 modo
1127 760 1192 824 hre-

124 863 238 928 viorum
261 863 423 928 formarum
444 862 618 951 permultas,
639 862 691 927 sed
715 862 803 927 etiam
824 862 989 948 longiores,
1010 882 1097 947 quam
1119 881 1192 947 quae

126 965 234 1030 ceteris
256 966 287 1029 in
311 986 365 1029 usu
387 965 517 1047 fuerunt,
537 963 800 1051 frequentaverint.
838 963 936 1048 Atque
958 961 1192 1051 heptameter

126 1064 380 1131 catalecticus
403 1065 439 1130 in
463 1064 665 1152 syllabam,
686 1062 1193 1151 quemhexamctrnmhyper·

126 1167 350 1234 catalectum
372 1176 402 1230 et
423 1164 655 1235 Alcmanium
682 1176 769 1233 vocet
789 1164 913 1230 Servius
934 1186 963 1252 p.
986 1162 1094 1246 1821,
1112 1164 1194 1228 inve·

77 1267 85 1279 ”
126 1270 204 1336 nitur
225 1269 256 1334 in
279 1266 445 1334 Stesichori
467 1266 577 1356 fragm.
599 1289 646 1357 ap.
668 1266 778 1333 Athen.
798 1266 854 1332 Xl.
875 1288 904 1354 p.
925 1262 999 1330 499.
1022 1264 1058 1330 Β.

210 1412 275 1467 ntea
296 1399 510 1484 ἐπισχόμενος,
531 1397 568 1466 τό
589 1397 629 1485 ῥά
652 1401 680 1466 οἳ
702 1399 858 1486 παρέθηκε
882 1395 985 1474 Φόλος
1005 1393 1147 1482 κεράσας.

594 1585 629 1672 §-
650 1585 724 1652 aon.

211 1739 462 1826 Heptameter
490 1737 743 1803 catalecticus
765 1739 802 1803 in
831 1720 1081 1825 disyllahum,
1108 1757 1197 1823 quem

127 1838 408 1906 Stesichorium
431 1837 555 1904 Servius
566 1846 662 1920 vocat,
683 1840 802 1927 saepius
825 1838 856 1902 in
874 1837 1053 1925 fragmentis
1075 1836 1196 1903 illorum

126 1941 290 2029 lyricorum
310 1939 551 2028 deprehenditur,
575 1948 606 2005 ut
626 1939 794 2005 Stesichori
815 1961 863 2029 ορ.
885 1936 1053 2005 Strab.lll.
1075 1959 1104 2026 p.
1125 1935 1199 2004 148.

127 2043 163 2107 Β.
187 2042 288 2127 (221.)

214 2163 401 2244 Ταρτησσοῦ
438 2161 580 2237 ποταμοῦ
617 2157 703 2243 παρὰ
740 2162 838 2242 νιῆγας
870 2156 1032 2241 α’νιείρονας
1063 2155 1199 2239 ἀργαρο·

132 2264 136 2269 ’
256 2258 261 2267 ’
382 2314 385 2321 .
779 2261 889 2342 ρίζοος.

125 2393 204 2463 Vide
227 2391 363 2459 Alcman.
383 2391 422 2458 fr.
444 2390 570 2460 37.’4λ).
591 2392 644 2459 78.
692 2393 753 2459 Ηὶσ
779 2395 961 2481 heptameter
987 2393 1052 2460 sive
1080 2392 1114 2457 iu
1135 2391 1202 2479 syl·

126 2494 224 2561 lahem
244 2493 309 2559 sive
330 2492 363 2558 in
385 2493 564 2579 disyllabum
577 2494 774 2561 'catalecticus
801 2517 840 2560 ex
870 2517 927 2561 uno
955 2502 1067 2560 tantum
1088 2493 1202 2563 urdine

127 2595 243 2661 videtur
264 2602 413 2676 constare,
435 2605 464 2658 et
485 2595 612 2683 proinde
634 2596 724 2661 etiam
746 2617 850 2662 carere
873 2616 1006 2673 caesura.
1056 2595 1137 2660 Nom
1159 2615 1203 2661 ex

127 2696 259 2783 pluribus
282 2694 436 2760 ordinibus
459 2696 582 2761 duorum
605 2698 729 2762 triumve
744 2697 851 2784 pedum
877 2697 903 2761 si
925 2717 1097 2785 componas,
1119 2717 1202 2763 sem·

126 2819 181 2885 per
201 2796 331 2884 ineptum
354 2816 505 2862 numerum
528 2798 691 2886 praebebit.
712 2797 877 2865 Subiicitur
897 2805 1006 2881 autem,
1027 2794 1203 2880 utuidetor,

127 2918 214 2983 quum
237 2896 304 2961 aliis
333 2895 508 2983 dactylicis,
541 2906 601 2962 tum
622 2897 678 2980 iis,
711 2899 760 2985 qui
791 2920 846 2987 per
877 2898 1014 2989 dipodias
1046 2897 1202 2964 incedunt.

127 2998 274 3087 Exemplo
301 2997 342 3062 sit
369 2996 455 3085 lbyci
482 3000 681 3085 fragmentum
703 3021 749 3087 ap.
772 2999 880 3065 Athen.
902 2998 989 3065 Xlll.
1011 3021 1039 3089 p.
1061 2996 1138 3064 564.
1161 2999 1202 3064 F.

129 3099 205 3183 quod
228 3100 270 3162 ita
290 3098 494 3164 scribendum:

216 3211 363 3298 Εὐρύαλε,
384 3218 538 3300 γλαυκέων
559 3218 706 3299 Χαρίτων
725 3213 834 3292 θάλος,

214 3412 405 3496 καλλικόμων
425 3418 594 3500 μελέδημα,
616 3420 650 3483 σὲ
670 3419 726 3500 μὲν
747 3417 869 3502 Κύπρις

215 3514 276 3580 ἅν)
303 3514 555 3604 ἀγανοβλέφαρος
574 3520 686 3585 Πειθὼ
708 3519 859 3606 ῥοδέοισιν
879 3522 911 3585 ἓν
931 3517 1039 3584 ἄνθεσι
1060 3520 1201 3605 θρέψαν.

130 3649 208 3718 Vide
230 3648 264 3735 ἦ.
286 3649 359 3717 305.

591 3805 625 3892 §.
654 3807 728 3876 303.

216 3951 309 4017 Addit
347 3954 395 4019 his
424 3955 548 4023 Seruius
584 3966 826 4024 oetametrum
858 3958 1124 4025 catalecticum
1159 3961 1199 4026 in

107 4150 113 4163 ,
130 4052 329 4138 syllabam,
352 4080 435 4144 quem
454 4069 540 4125 vocat
556 4059 822 4147 heptametrum
845 4060 1196 4149 hypercatalectus}
