2654 4786
470 374 538 454 ura.
556 402 601 454 ιιι.
625 407 628 413 ·
646 400 724 456 oon.
740 401 836 455 xvrn.

586 550 621 636 a.
649 551 723 618 οιι.

211 686 362 773 Apparet,
392 676 542 751 nunrerurn
572 687 676 752 horum
705 686 873 768 nominum,
901 685 927 750 si
949 684 993 748 sio
1016 682 1192 765 dividantur,

128 788 284 874 corrumpi.
330 786 392 852 Sed
413 787 532 851 facilius
555 796 650 852 tamen
674 787 770 852 fertur
791 777 944 850 anacrnsis
965 785 1028 849 arsi
1051 785 1193 866 subiecta,

128 888 196 974 qnia
218 888 262 951 sic
284 887 427 971 coniungi
449 894 545 950 tannen
569 886 626 952 dno
648 888 765 951 numeri
782 886 813 951 in
824 885 1043 976 pronuntiando
1055 891 1193 975 possunt:

128 988 259 1052 deterior
281 996 326 1052 est
347 987 467 1052 theseos
490 996 519 1052 et
540 1009 719 1053 anacruseos
741 988 922 1071 coniunctio,
944 990 1013 1074 qnia
1025 1008 1149 1076 pausam
1167 987 1194 1050 iu

130 1089 226 1153 rnedia
247 1110 323 1154 voce
345 1089 411 1153 fieri
431 1089 574 1176 postulat:
607 1097 637 1154 et
657 1089 743 1178 peior
765 1090 864 1173 etiam,
886 1090 914 1154 si
936 1089 1092 1154 anacrusis
1115 1088 1196 1153 finiat

129 1212 252 1272 vocem,
283 1192 351 1276 qnia
383 1190 427 1254 sic
448 1211 518 1277 pars
540 1190 621 1255 vocis
645 1191 747 1255 ultima
769 1191 849 1255 omni
871 1211 994 1256 numero
1017 1199 1117 1255 caret:
1146 1186 1195 1253 sed

131 1299 284 1356 esttamen
301 1292 357 1355 hoc
372 1291 508 1354 usitatum
527 1291 557 1355 in
572 1292 774 1380 antispasticis
796 1293 938 1373 numerio,
955 1290 1005 1378 qui
1017 1299 1125 1356 natura
1146 1309 1197 1354 sua

130 1394 255 1459 fractum
277 1394 425 1457 incessum
447 1392 566 1474 habent,
588 1401 619 1456 nt
641 1393 718 1478 qnod
740 1408 767 1456 u.
790 1390 862 1458 614.
885 1393 1003 1458 aliatum
1026 1402 1087 1457 est:

216 1526 336 1591 {annona
357 1523 509 1602 εὕνι-δας
531 1525 578 1608 ἠδ’
603 1522 781 1612 ἀνάνδρους.

131 1663 270 1727 Pessima
302 1683 372 1726 vero
403 1668 448 1724 est
477 1662 630 1726 anaornsis
661 1661 714 1724 aiii
736 1663 875 1726 anacrnsi
897 1662 1012 1743 addita,
1045 1661 1117 1747 quia
1147 1660 1198 1741 sio,

130 1770 336 1847 praeterquam
359 1760 435 1847 quod
456 1782 550 1848 pansa
569 1762 600 1827 in
623 1760 720 1826 media
741 1783 813 1826 voce
835 1762 884 1844 fit,
911 1770 1033 1849 utraque
1056 1783 1128 1850 pars
1150 1782 1197 1824 ex·

131 1884 201 1952 pers
225 1871 271 1928 est
291 1864 414 1927 numeri.

602 2013 636 2098 p.
657 2013 730 2079 ons.

218 2150 268 2214 Ex
289 2149 338 2214 his
360 2151 559 2235 consequitur,
580 2150 706 2237 optimas
724 2148 932 2214 vocabulorum
946 2148 1112 2215 divisiones
1126 2169 1199 2228 esso,

133 2252 241 2339 primo,
263 2272 320 2337 qna
342 2271 426 2315 arses
448 2259 478 2314 et
499 2249 599 2316 theses
621 2251 652 2315 in
675 2250 778 2316 eadem
800 2271 872 2314 voce
894 2251 1056 2316 alternant:

216 2367 334 2450 χρυσέα
356 2363 490 2451 φόρμιγξ
506 2365 661 2432 Ἀπόλλω-

219 2494 270 2544 νος
291 2470 342 2532 καὶ
364 2464 568 2549 ἰοπλοκάμων.

137 2603 267 2685 Deinde,
289 2625 364 2689 quae
386 2603 467 2667 arsin
490 2604 552 2668 arsi
574 2605 735 2669 subiectam
757 2605 884 2670 habent:

110 2796 115 2804 ἢ
222 2723 272 2784 καὶ
294 2723 385 2805 σοφοὶ
409 2721 459 2783 καὶ
478 2723 566 2807 χερσὶ
585 2727 658 2802 fleo·
753 2757 756 2760 >

221 2825 272 2885 ani
295 2823 494 2907 περίγλωσσοί
513 2821 537 2886 τ’
562 2820 647 2909 ἔφυν.

139 2959 278 3044 Denique
300 2980 374 3045 qnae
396 2958 554 3022 anacrusin
578 2959 685 3024 habent
706 2967 775 3023 aute
796 2959 893 3024 arsin:

224 3077 256 3139 ἐκ
278 3081 361 3139 θεῶν
381 3076 439 3161 γὰρ
462 3079 597 3157 μαχαναὶ
620 3079 684 3138 πᾶ-

226 3201 278 3239 σαι
299 3178 442 3263 βροτέαις
464 3176 594 3262 ἀρεταῖς.

610 3362 644 3449 a.
671 3362 743 3427 οιο.

225 3496 276 3560 Ex
297 3496 418 3583 reliquis
446 3498 679 3576 dividendorum,
691 3498 898 3563 vocabulorum
920 3499 1015 3563 modis
1037 3499 1084 3564 ilii
1106 3501 1206 3566 melio·

142 3621 191 3663 res
214 3605 291 3679 snut,
314 3600 363 3683 qui
384 3599 653 3686 pronuntiationem
674 3600 756 3664 vocis
779 3599 930 3665 minimum
952 3608 1002 3666 aut
1018 3601 1206 3689 interpellant

144 3709 194 3765 aut
216 3707 415 3786 corrumpunt.
1011 3699 1012 3702 ’

611 3853 645 3938 p
668 3853 739 3918 620.

228 3989 331 4075 itaque
352 4009 437 4075 quum
460 3989 543 4076 prior
565 4010 667 4053 versus
690 3989 770 4052 arsi
791 3987 909 4069 finitur,
940 3989 1090 4075 posterior
1111 3997 1208 4053 auteur

144 4091 180 4153 ab
203 4090 380 4155 anacrusi
401 4090 521 4178 incipit,
544 4089 656 4155 dnobus
678 4090 773 4156 modis
794 4088 887 4153 dividi
908 4089 1078 4158 vocabulum
1103 4098 1209 4176 potest,
