2654 4786
128 361 192 431 270
246 335 248 339 ¹
428 402 432 411 ,
479 378 547 431 urs.
563 377 610 431 ιιι.
643 376 722 432 cur.
740 375 833 431 xvrn.

129 552 166 593 an
189 530 219 593 in
241 527 387 615 principio
411 526 491 591 tertii
513 548 629 607 versus,

212 664 274 725 ἐπεὶ
295 659 398 737 ἄθεος,
421 658 541 746 ἄφιλος,
563 658 651 724 -ὅτι
674 657 815 739 πύματον
837 656 924 722 ὀλοί-

211 788 283 844 μαν,
306 759 484 847 φρόνη-σιν
504 766 530 826 εἰ
550 758 635 825 τάνδ’
657 759 732 842 ἔχω·

128 923 159 981 et
179 915 211 980 in
232 915 432 1003 antistropha:

212 1045 457 1135 παραφρόνιμον,
480 1045 674 1132 ἄπορον-ἐπὶ
697 1042 832 1132 φρόνιμα
854 1041 979 1131 πεφάν-

211 1156 270 1215 θαι
290 1150 322 1232 μ’
346 1147 394 1232 ἄν,
417 1148 501 1214 εἶ’-σε
523 1149 722 1234 νοσφιζομαι·

128 1326 165 1370 an
189 1303 314 1390 denique
336 1302 368 1367 in
390 1302 448 1366 line
470 1301 592 1384 secundi
613 1321 728 1381 versus,

212 1437 248 1504 οὐ
270 1436 323 1502 τὸν
345 1433 467 1501 πάντων
487 1433 669 1500 θεῶν-θεὸν
690 1433 809 1516 πρόμον
824 1429 940 1500 Ἅλιον·

212 1541 273 1605 ἐπεὶ
295 1536 399 1614 ἄθεος,
421 1534 541 1622 ἄφιλος,
555 1533 598 1601 -ἄ
620 1561 649 1600 τι
672 1532 812 1616 πύματον

212 1640 351 1721 ὀλοίμαν,
374 1636 522 1724 φρόνησιν
543 1641 569 1702 εἴ
589 1634 673 1702 τάνδ’
695 1636 770 1718 ἔχοι·
817 1681 820 1684 ·

128 1793 209 1860 etin
231 1790 432 1879 antistropha:

211 1919 331 2002 ὧ”ναξ,
354 1921 437 1988 εἷπον
457 1925 512 2005 μὲν
535 1919 703 2005 οὔχ-ἄναξ
725 1918 829 2002 μόνον,
851 1920 919 1986 ἴσθι
941 1922 975 1984 δὲ

211 2023 458 2114 παραφρόνιμον,
480 2023 674 2108 ἄπορον-ἐπὶ
697 2019 834 2107 φρόνιμα

211 2126 371 2217 πεφάνθαι
391 2127 422 2209 μ’
447 2125 494 2202 ἄν,
515 2127 601 2192 εἶ’-οε
623 2126 816 2211 νοσφίζομαι.
856 2178 859 2183 .

126 2283 264 2372 Apparet
289 2301 378 2363 vero,
410 2279 442 2344 in
475 2280 580 2368 prima
602 2278 707 2343 harum
737 2277 916 2343 divisionum
946 2296 1022 2343 nun·
1040 2279 1193 2368 eleganter

126 2385 218 2449 verba
239 2381 342 2459 ἄθεος,
364 2380 476 2461 ἄφιλος
497 2394 527 2445 et
548 2375 799 2464 νιαραφρόνιμον,
828 2376 960 2463 ἄπορον,
992 2400 1069 2466 qnae
1090 2403 1192 2448 sensus

126 2486 270 2572 coniungi
289 2482 429 2572 postulat,
451 2484 481 2547 in
504 2483 562 2547 dun
584 2484 717 2546 membra
738 2481 855 2561 divelli-3
887 2481 919 2545 in
946 2483 1078 2548 secunda
1099 2494 1212 2567 antem

126 2586 218 2652 multu
244 2587 331 2674 peius
358 2586 447 2649 etiam
474 2583 625 2651 Creticum
652 2585 684 2648 in
713 2583 840 2670 syllabis
868 2605 928 2648 nan
950 2585 1088 2672 integras
1110 2604 1196 2650 voces

126 2686 339 2768 efficientibus,
373 2684 521 2771 multaque
559 2687 655 2750 minus
683 2706 803 2749 sensum
831 2672 957 2771 aliipuem
984 2688 1215 2774 praebentibus

126 2788 275 2855 cunstitui.
325 2787 411 2862 Quod
433 2798 537 2852 contra
557 2810 645 2873 quam
665 2787 755 2851 tertio
775 2786 841 2850 Ιοοο
863 2786 1017 2873 posuimus
1039 2789 1196 2870 mannen,

126 2891 170 2956 ita
191 2889 359 2976 elegantem
382 2888 621 2970 emendemus,
643 2896 674 2952 ut
695 2909 760 2952 eam
783 2887 889 2952 merite
911 2888 1019 2952 ceteris
1040 2890 1196 2976 praeferre

126 2992 296 3060 debeamus.
343 2992 421 3055 Nam
448 3012 543 3076 neque
574 2991 735 3075 membrum
766 2989 855 3053 habet
886 3009 926 3054 ex
952 2989 1080 3076 syllabis
1107 3013 1197 3058 sensu

127 3093 295 3159 carentibus
327 3091 536 3180 cumpositum3
575 3100 605 3155 et
636 3114 711 3178 quae
744 3090 886 3178 coniungi
918 3112 1023 3155 sensns
1056 3093 1198 3180 postulatq

126 3193 202 3258 θεὸν
222 3190 342 3278 πρόμον
356 3190 469 3270 Ἅλιον,
493 3203 523 3258 et
543 3190 639 3267 ἄθεος
658 3190 779 3277 ἄφιλος,
802 3201 832 3256 el
846 3188 1095 3276 napapptlvrpruv,
1118 3191 1195 3258 ἄπο-

126 3319 191 3379 ρον,
215 3295 373 3360 coniuncta
394 3307 476 3377 sunt3
498 3302 530 3359 et
551 3293 688 3361 Creticus
710 3316 748 3360 eo
770 3294 851 3376 lusu,
873 3294 923 3380 qui
945 3294 1119 3383 aptissimus
1141 3305 1195 3378 est,

8 3419 19 3443 s
126 3397 223 3482 iisque
243 3396 276 3460 in
302 3397 437 3477 vecibus,
465 3417 541 3483 qnae
567 3395 751 3482 singularem
780 3397 838 3460 vim
866 3396 990 3477 habent,
1019 3397 1195 3463 constitutus

127 3498 274 3577 cernitur3
300 3506 468 3586 postremo,
488 3498 517 3562 si
538 3497 569 3560 hi
590 3519 694 3562 uersus
716 3497 876 3563 secundnm
899 3498 976 3562 hane
997 3500 1196 3564 membrorum

48 3619 55 3624 “
126 3598 302 3664 divisionem
330 3598 506 3680 recitantur,
534 3598 610 3664 nilril
636 3606 683 3664 est
709 3621 846 3686 usquam,
882 3599 959 3686 quod
990 3598 1113 3686 auditur
1137 3621 1193 3665 nun

126 3701 213 3766 modu
236 3701 334 3764 statim
361 3699 522 3788 percipiat,
544 3700 597 3765 sed
619 3700 709 3766 etiam
737 3702 781 3766 ita
807 3711 875 3787 apte
897 3710 926 3766 et
947 3701 1082 3788 grauiter
1104 3701 1194 3767 collu-

126 3811 222 3867 catum
249 3800 478 3884 animadvertat,
505 3810 537 3865 ut
563 3824 617 3867 sua
638 3802 766 3889 singulis
794 3803 893 3868 verbis
915 3823 949 3867 ac
971 3802 1129 3869 sententiis
1151 3801 1195 3866 vis

126 3911 157 3968 et
176 3903 268 3968 virtus
291 3895 414 3968 constet.

510 4116 820 4128 mm
