2654 4786
427 422 476 475 on
494 420 913 477 osanmmvscuusrcrs.
1129 404 1197 473 Μ

126 573 223 638 linitio
245 595 322 656 esse,
343 575 371 639 si
391 573 594 662 pandamus
614 574 671 657 iis,
692 596 768 661 quae
797 582 957 657 canuntur,
985 573 1196 661 intelligimus:

128 674 232 762 ltaque
255 675 303 740 hio
323 675 500 765 parotium
521 675 770 759 licitantem,
788 676 1196 764 suonpn'mnmmuagso

126 776 177 841 clia
197 777 304 842 chorus
325 775 373 842 vel
394 785 473 843 totns
494 777 659 859 canat,.sel
674 778 705 842 in
724 784 823 865 partes
839 776 1194 859 *diuisuspstinliresto

125 879 203 942 Nam
231 878 405 965 sparocio,
433 879 488 943 hac
514 878 631 966 quidem
658 877 896 964 significatione,
922 877 1105 964 segregatim
1126 885 1197 942 sunt

126 980 292 1068 anapaesti,
305 980 447 1061 trochaei,
469 979 570 1062 iambi,
592 987 624 1044 ut
641 980 690 1067 qui
705 1001 765 1044 uon
783 986 937 1062 canantur,
959 979 1011 1044 sed
1023 980 1194 1061 recitentur,

126 1101 222 1169 neque
232 1104 249 1146 a
261 1082 362 1163 choro,
379 1082 431 1146 secl
444 1103 462 1145 a
473 1081 642 1170 coryphaeo
653 1089 703 1161 aot
714 1081 811 1167 aliquo
825 1081 885 1146 alio
897 1087 1058 1146 cautorum.
1086 1080 1194 1145 Latius

127 1189 253 1249 extensa
273 1183 492 1270 significatione
514 1181 642 1248 nominis
663 1203 734 1246 usus
755 1189 801 1246 est
822 1180 921 1270 Heph.
942 1205 970 1270 p.
991 1181 1034 1247 7⁰
1056 1180 1157 1264 (128.)

593 1383 628 1469 a.
656 1382 730 1449 cco.

211 1535 316 1621 Neque
344 1526 538 1600 stasimu'm
565 1537 685 1621 ahsseo,
718 1535 794 1622 quoti
818 1535 959 1615 immotus
987 1543 1045 1599 stet
1077 1535 1195 1619 chorus,

128 1635 236 1701 dictum
259 1643 315 1718 est,
336 1636 388 1701 sed
412 1637 487 1724 quod
510 1660 528 1701 a
550 1637 640 1702 choro
663 1659 721 1702 non
746 1636 904 1702 accedente
925 1636 1068 1725 primunr,
1095 1642 1125 1701 et
1147 1658 1195 1702 or-

128 1737 213 1803 dines
235 1737 414 1837 explicante,
435 1739 487 1804 sed
510 1739 569 1805 iam
591 1745 710 1804 tenente
733 1738 876 1803 stationes
899 1759 968 1803 suas
990 1748 1123 1805 canatur.

596 1940 630 2026 s.
651 1939 725 2006 con.

148 2118 152 2127 ·
198 2091 492 2180 *Vtrumqusgenus
513 2093 874 2174 hoc-‘communehahont,
894 2044 1196 2182 quodantislrophica

128 2201 259 2276 suntet
280 2194 397 2280 quinem
417 2193 471 2276 ita,
493 2201 525 2258 nt
544 2194 696 2282 stropham
717 2196 818 2259 statim
839 2203 988 2281 sequatur·
1000 2194 1197 2282 antistropha,-

128 2296 269 2382 strophee
300 2295 385 2382 ipsae
418 2308 515 2361 autem
546 2296 628 2361 inter
657 2317 694 2361 se
723 2295 860 2361 diversae
890 2296 972 2377 sint,
1005 2296 1065 2360 hoc
1083 2296 1195 2361 motio:

128 2392 450 2479 canace
533 2422 634 2451 a,

471 2527 473 2533 s
596 2599 630 2685 s.
659 2544 733 2665 coo.

213 2751 385 2817 Proodus
408 2754 439 2817 in
462 2760 566 2819 neutro
593 2773 706 2838 genere
728 2758 867 2839 usurpata
895 2750 1023 2815 videtur:
1057 2751 1195 2840 cpotlus

128 2873 188 2918 non
211 2860 257 2918 est
278 2854 457 2918 necessaria.
490 2853 685 2918 Mesodum
708 2852 851 2917 nonulli
872 2852 903 2915 in
925 2852 1059 2935 stasimo,
1081 2853 1142 2918 uisi
1163 2852 1194 2916 in

130 2953 238 3019 Oreste
260 2976 286 3019 v.
307 2953 381 3019 831.
393 2992 410 3003 w
434 2954 506 3020 833.

598 3158 632 3244 s.
654 3157 727 3225 oce.

213 3308 364 3398 Epotlus
387 3317 416 3372 et
438 3311 468 3373 iu
491 3309 603 3397 peroio
625 3309 721 3375 locum
745 3311 848 3391 habet,
871 3320 902 3375 ut
922 3311 954 3375 in
976 3308 1150 3398 Hippolyto·
1165 3317 1197 3375 et

128 3410 160 3474 in
182 3408 342 3499 Iphigenia
363 3409 532 3492 Aulidensi,
555 3420 583 3475 et
605 3410 635 3475 in
658 3413 790 3478 stasimo.
839 3410 900 3478 Sed
923 3412 1065 3498 quaedam
1086 3411 1195 3499 paradi

129 3509 225 3575 videri
246 3518 370 3599 possunt
391 3509 514 3600 epulum
543 3512 631 3599 etiarn
654 3514 684 3578 in
708 3515 803 3578 medio
827 3514 953 3595 habere,
975 3523 1004 3577 ut
1025 3515 1056 3595 in
1078 3513 1195 3595 Persic,

128 3612 160 3675 in
172 3611 410 3696 Agamemnone,
424 3612 454 3676 in
467 3612 654 3679 Phoenissis.
677 3614 720 3679 At
729 3614 765 3679 de
776 3615 823 3679 his
834 3615 878 3679 sic
890 3616 988 3702 potius
1000 3613 1195 3695 statuendum,
1318 3634 1321 3643 ·

129 3711 226 3800 epodo
248 3714 329 3777 finiri
350 3715 509 3801 parodom3
532 3723 591 3779 tum
614 3717 772 3783 succedere
794 3717 957 3780 stasimnm.
978 3715 1013 3779 ln
1037 3714 1197 3802 iphigenia

131 3813 291 3879 Aulidensi
318 3836 391 3900 quae
418 3825 485 3903 post
512 3815 636 3905 eposium
658 3839 676 3881 a
699 3840 724 3882 v.
746 3819 819 3882 231.
841 3817 998 3904 leguntur,
1018 3815 1195 3880 recentioris

131 3914 256 4001 eiusque
274 3916 360 3980 valde
382 3917 474 4006 inepti
495 3925 825 4005 poenaversussmt.
846 3917 1030 3986 Verisimile
1051 3925 1099 3981 est
1119 3925 1196 3981 stro·

94 4082 97 4087 ,
130 4017 205 4104 phas
228 4038 286 4081 nou
308 4018 535 4100 a=tote·nhoro,
557 4018 608 4082 sei
631 4019 677 4083 vel
700 4021 736 4086 ah
760 4018 957 4084 hemichoriis·
967 4017 1065 4082 veleb
1081 4016 1196 4104 aliquot

130 4117 301 4183 cantoribus
323 4126 731 4206 cantatas==esse,=·quunqoe
758 4122 866 4186 choros
892 4119 1027 4204 tragicus
1051 4125 1196 4185 oenhrss
