<?xml version="1.0" encoding="UTF-8"?>
<!DOCTYPE html PUBLIC "-//W3C//DTD XHTML 1.0 Transitional//EN"
    "http://www.w3.org/TR/xhtml1/DTD/xhtml1-transitional.dtd">
<html xmlns="http://www.w3.org/1999/xhtml" xml:lang="en" lang="en">
 <head>
  <title>
</title>
<meta http-equiv="Content-Type" content="text/html;charset=utf-8" />
  <meta name='ocr-system' content='tesseract 3.04.00' />
  <meta name='ocr-capabilities' content='ocr_page ocr_carea ocr_par ocr_line ocrx_word'/>
</head>
<body>
  <div class='ocr_page' id='page_1' title='image "./epitomedoctrina00harmgoog_0021.png"; bbox 0 0 2654 4786; ppageno 0'>
   <div class='ocr_carea' id='block_1_1' title="bbox 163 399 803 454">
    <p class='ocr_par' dir='ltr' id='par_1_1' title="bbox 163 399 803 454">
     <span class='ocr_line' id='line_1_1' title="bbox 163 399 803 454; baseline 0.009 -6"><span class='ocrx_word' id='word_1_1' title='bbox 163 404 214 449; x_wconf 71' lang='grc' dir='ltr'><strong>ιη</strong></span> <span class='ocrx_word' id='word_1_2' title='bbox 583 399 803 454; x_wconf 69' lang='lat' dir='ltr'><strong>PRAEFATIO.</strong></span> 
     </span>
    </p>
   </div>
   <div class='ocr_carea' id='block_1_2' title="bbox 160 551 1306 885">
    <p class='ocr_par' dir='ltr' id='par_1_2' title="bbox 160 551 1306 885">
     <span class='ocr_line' id='line_1_2' title="bbox 261 551 1231 649; baseline 0.003 -27"><span class='ocrx_word' id='word_1_3' title='bbox 261 551 377 626; x_wconf 86' lang='lat' dir='ltr'><strong>Primo</strong></span> <span class='ocrx_word' id='word_1_4' title='bbox 410 554 440 624; x_wconf 84' lang='lat' dir='ltr'><strong>si</strong></span> <span class='ocrx_word' id='word_1_5' title='bbox 472 553 610 649; x_wconf 84' lang='lat' dir='ltr'><strong>primam</strong></span> <span class='ocrx_word' id='word_1_6' title='bbox 642 553 814 648; x_wconf 71' lang='lat' dir='ltr'><strong>anapaesti</strong></span> <span class='ocrx_word' id='word_1_7' title='bbox 853 552 1011 646; x_wconf 80' lang='lat' dir='ltr'><strong>syllabam</strong></span> <span class='ocrx_word' id='word_1_8' title='bbox 1048 551 1130 624; x_wconf 85' lang='lat' dir='ltr'><strong>feeit</strong></span> <span class='ocrx_word' id='word_1_9' title='bbox 1162 576 1231 625; x_wconf 81' lang='lat' dir='ltr'><strong>vox</strong></span> 
     </span>
     <span class='ocr_line' id='line_1_3' title="bbox 161 668 1306 766; baseline 0.003 -25"><span class='ocrx_word' id='word_1_10' title='bbox 161 671 386 766; x_wconf 85' lang='lat' dir='ltr'><strong>monosyllaba</strong></span> <span class='ocrx_word' id='word_1_11' title='bbox 417 671 466 743; x_wconf 90' lang='lat' dir='ltr'><strong>ita</strong></span> <span class='ocrx_word' id='word_1_12' title='bbox 499 695 572 742; x_wconf 86' lang='lat' dir='ltr'><strong>enm</strong></span> <span class='ocrx_word' id='word_1_13' title='bbox 606 670 819 765; x_wconf 81' lang='lat' dir='ltr'><strong>sequentibus</strong></span> <span class='ocrx_word' id='word_1_14' title='bbox 853 668 1054 761; x_wconf 79' lang='lat' dir='ltr'><strong>cohaerens,</strong></span> <span class='ocrx_word' id='word_1_15' title='bbox 1095 678 1138 743; x_wconf 91' lang='lat' dir='ltr'><strong>nt.</strong></span> <span class='ocrx_word' id='word_1_16' title='bbox 1162 695 1232 744; x_wconf 89' lang='lat' dir='ltr'><strong>nnn</strong></span> <span class='ocrx_word' id='word_1_17' title='bbox 1303 688 1306 692; x_wconf 82' lang='lat'>&#39;</span> 
     </span>
     <span class='ocr_line' id='line_1_4' title="bbox 160 786 1230 885; baseline 0.002 -26"><span class='ocrx_word' id='word_1_18' title='bbox 160 788 269 883; x_wconf 78' lang='lat' dir='ltr'><strong>possit</strong></span> <span class='ocrx_word' id='word_1_19' title='bbox 300 788 343 859; x_wconf 90' lang='lat' dir='ltr'><strong>ad</strong></span> <span class='ocrx_word' id='word_1_20' title='bbox 374 788 608 885; x_wconf 77' lang='lat' dir='ltr'><strong>praecedentia</strong></span> <span class='ocrx_word' id='word_1_21' title='bbox 639 788 740 860; x_wconf 86' lang='lat' dir='ltr'><strong>trabi.</strong></span> <span class='ocrx_word' id='word_1_22' title='bbox 783 786 920 858; x_wconf 84' lang='lat' dir='ltr'><strong>Eeeles.</strong></span> <span class='ocrx_word' id='word_1_23' title='bbox 959 791 1047 862; x_wconf 87' lang='lat'>104.</span> <span class='ocrx_word' id='word_1_24' title='bbox 1079 788 1230 861; x_wconf 78' lang='lat' dir='ltr'><strong>Acharn.</strong></span> 
     </span>
    </p>
   </div>
   <div class='ocr_carea' id='block_1_3' title="bbox 159 905 250 980">
    <p class='ocr_par' dir='ltr' id='par_1_3' title="bbox 159 905 250 980">
     <span class='ocr_line' id='line_1_5' title="bbox 159 905 250 980; baseline -0.033 0"><span class='ocrx_word' id='word_1_25' title='bbox 159 905 250 980; x_wconf 77' lang='lat'><strong>498.</strong></span> 
     </span>
    </p>
   </div>
   <div class='ocr_carea' id='block_1_4' title="bbox 235 1049 1227 1275">
    <p class='ocr_par' dir='ltr' id='par_1_4' title="bbox 235 1049 1227 1275">
     <span class='ocr_line' id='line_1_6' title="bbox 235 1049 1227 1155; baseline 0 -25"><span class='ocrx_word' id='word_1_26' title='bbox 235 1053 324 1131; x_wconf 79' lang='grc' dir='ltr'><strong><em>νυνὶ</em></strong></span> <span class='ocrx_word' id='word_1_27' title='bbox 349 1053 403 1144; x_wconf 75' lang='grc' dir='ltr'><strong>δ’,</strong></span> <span class='ocrx_word' id='word_1_28' title='bbox 430 1052 531 1152; x_wconf 82' lang='grc' dir='ltr'><strong><em>ὁρᾷς,</em></strong></span> <span class='ocrx_word' id='word_1_29' title='bbox 558 1049 710 1152; x_wconf 79' lang='grc' dir='ltr'><strong><em>πράττει</em></strong></span> <span class='ocrx_word' id='word_1_30' title='bbox 734 1051 783 1127; x_wconf 80' lang='grc' dir='ltr'><strong>τὰ</strong></span> <span class='ocrx_word' id='word_1_31' title='bbox 808 1053 944 1155; x_wconf 75' lang='grc' dir='ltr'><strong><em>μέγιστ’</em></strong></span> <span class='ocrx_word' id='word_1_32' title='bbox 975 1056 1017 1129; x_wconf 78' lang='grc' dir='ltr'><strong>ἐν</strong></span> <span class='ocrx_word' id='word_1_33' title='bbox 1041 1062 1086 1152; x_wconf 81' lang='grc' dir='ltr'><strong>τῇ</strong></span> <span class='ocrx_word' id='word_1_34' title='bbox 1113 1049 1227 1130; x_wconf 81' lang='grc' dir='ltr'><strong><em>πόλει.</em></strong></span> 
     </span>
     <span class='ocr_line' id='line_1_7' title="bbox 235 1168 1152 1275; baseline 0.002 -29"><span class='ocrx_word' id='word_1_35' title='bbox 235 1177 267 1246; x_wconf 78' lang='lat' dir='ltr'><strong>ab</strong></span> <span class='ocrx_word' id='word_1_36' title='bbox 292 1171 437 1268; x_wconf 83' lang='grc' dir='ltr'><strong><em>πτωχὸς</em></strong></span> <span class='ocrx_word' id='word_1_37' title='bbox 462 1173 529 1261; x_wconf 79' lang='grc' dir='ltr'><strong>ὤν,</strong></span> <span class='ocrx_word' id='word_1_38' title='bbox 556 1172 658 1246; x_wconf 75' lang='grc' dir='ltr'><strong><em>ἔπειτ’</em></strong></span> <span class='ocrx_word' id='word_1_39' title='bbox 690 1174 731 1247; x_wconf 81' lang='grc' dir='ltr'><strong>ἒν</strong></span> <span class='ocrx_word' id='word_1_40' title='bbox 748 1168 964 1268; x_wconf 77' lang='grc' dir='ltr'><strong><em>Ἀθηναίοις</em></strong></span> <span class='ocrx_word' id='word_1_41' title='bbox 989 1170 1117 1275; x_wconf 70' lang='grc' dir='ltr'><strong>λέγειν.</strong></span> <span class='ocrx_word' id='word_1_42' title='bbox 1144 1230 1152 1269; x_wconf 81' lang='lat'><strong>.-</strong></span> 
     </span>
    </p>
   </div>
   <div class='ocr_carea' id='block_1_5' title="bbox 159 1339 1230 1563">
    <p class='ocr_par' dir='ltr' id='par_1_5' title="bbox 159 1339 1230 1563">
     <span class='ocr_line' id='line_1_8' title="bbox 160 1339 1230 1439; baseline 0.002 -24"><span class='ocrx_word' id='word_1_43' title='bbox 160 1339 222 1415; x_wconf 78' lang='lat' dir='ltr'><strong>Sic</strong></span> <span class='ocrx_word' id='word_1_44' title='bbox 254 1342 340 1415; x_wconf 90' lang='lat' dir='ltr'><strong>enim</strong></span> <span class='ocrx_word' id='word_1_45' title='bbox 365 1342 492 1438; x_wconf 84' lang='lat' dir='ltr'><strong>syllaba</strong></span> <span class='ocrx_word' id='word_1_46' title='bbox 526 1343 592 1414; x_wconf 84' lang='lat' dir='ltr'><strong>iata</strong></span> <span class='ocrx_word' id='word_1_47' title='bbox 616 1366 742 1415; x_wconf 88' lang='lat' dir='ltr'><strong>moram</strong></span> <span class='ocrx_word' id='word_1_48' title='bbox 768 1367 896 1415; x_wconf 88' lang='lat' dir='ltr'><strong>ornnem</strong></span> <span class='ocrx_word' id='word_1_49' title='bbox 922 1341 1161 1439; x_wconf 84' lang='lat' dir='ltr'><strong>adspernatun,</strong></span> <span class='ocrx_word' id='word_1_50' title='bbox 1194 1352 1230 1417; x_wconf 87' lang='lat' dir='ltr'><strong>et</strong></span> 
     </span>
     <span class='ocr_line' id='line_1_9' title="bbox 159 1459 1182 1563; baseline -0.001 -30"><span class='ocrx_word' id='word_1_51' title='bbox 159 1483 237 1557; x_wconf 83' lang='lat' dir='ltr'><strong>pars</strong></span> <span class='ocrx_word' id='word_1_52' title='bbox 264 1468 317 1533; x_wconf 83' lang='lat' dir='ltr'><strong>est</strong></span> <span class='ocrx_word' id='word_1_53' title='bbox 341 1484 541 1533; x_wconf 83' lang='lat' dir='ltr'><strong>anaernsees</strong></span> <span class='ocrx_word' id='word_1_54' title='bbox 567 1460 608 1532; x_wconf 84' lang='lat' dir='ltr'><strong>ad</strong></span> <span class='ocrx_word' id='word_1_55' title='bbox 634 1467 825 1557; x_wconf 82' lang='lat' dir='ltr'><strong>sequentem</strong></span> <span class='ocrx_word' id='word_1_56' title='bbox 850 1459 941 1532; x_wconf 87' lang='lat' dir='ltr'><strong>arsin</strong></span> <span class='ocrx_word' id='word_1_57' title='bbox 965 1459 1182 1563; x_wconf 68' lang='lat' dir='ltr'><strong>pertinentiae</strong></span> 
     </span>
    </p>
   </div>
   <div class='ocr_carea' id='block_1_6' title="bbox 259 1607 518 1678">
    <p class='ocr_par' dir='ltr' id='par_1_6' title="bbox 259 1607 518 1678">
     <span class='ocr_line' id='line_1_10' title="bbox 259 1607 518 1678; baseline 0 -20"><span class='ocrx_word' id='word_1_58' title='bbox 259 1607 518 1678; x_wconf 48' lang='lat' dir='ltr'><strong>verberea)-</strong></span> 
     </span>
    </p>
   </div>
   <div class='ocr_carea' id='block_1_7' title="bbox 159 1742 1229 1959">
    <p class='ocr_par' dir='ltr' id='par_1_7' title="bbox 159 1742 1229 1959">
     <span class='ocr_line' id='line_1_11' title="bbox 160 1742 1229 1842; baseline -0.001 -24"><span class='ocrx_word' id='word_1_59' title='bbox 160 1742 288 1818; x_wconf 84' lang='lat' dir='ltr'><strong>Contra</strong></span> <span class='ocrx_word' id='word_1_60' title='bbox 311 1770 434 1842; x_wconf 83' lang='lat' dir='ltr'><strong>pravus</strong></span> <span class='ocrx_word' id='word_1_61' title='bbox 470 1754 523 1818; x_wconf 87' lang='lat' dir='ltr'><strong>est</strong></span> <span class='ocrx_word' id='word_1_62' title='bbox 555 1769 683 1837; x_wconf 81' lang='lat' dir='ltr'><strong>verane,</strong></span> <span class='ocrx_word' id='word_1_63' title='bbox 710 1746 741 1818; x_wconf 83' lang='lat' dir='ltr'><strong>ei</strong></span> <span class='ocrx_word' id='word_1_64' title='bbox 766 1769 806 1816; x_wconf 93' lang='lat' dir='ltr'><strong>ea</strong></span> <span class='ocrx_word' id='word_1_65' title='bbox 831 1769 898 1817; x_wconf 85' lang='lat' dir='ltr'><strong>rex</strong></span> <span class='ocrx_word' id='word_1_66' title='bbox 925 1769 997 1818; x_wconf 87' lang='lat' dir='ltr'><strong>enm</strong></span> <span class='ocrx_word' id='word_1_67' title='bbox 1023 1745 1229 1842; x_wconf 80' lang='lat' dir='ltr'><strong>praeceden-</strong></span> 
     </span>
     <span class='ocr_line' id='line_1_12' title="bbox 159 1854 1229 1959; baseline 0.002 -25"><span class='ocrx_word' id='word_1_68' title='bbox 159 1863 247 1935; x_wconf 86' lang='lat' dir='ltr'><strong>tibus</strong></span> <span class='ocrx_word' id='word_1_69' title='bbox 274 1854 451 1956; x_wconf 79' lang='lat' dir='ltr'><strong>cohaeret,</strong></span> <span class='ocrx_word' id='word_1_70' title='bbox 484 1863 581 1935; x_wconf 88' lang='lat' dir='ltr'><strong>utin</strong></span> <span class='ocrx_word' id='word_1_71' title='bbox 613 1865 695 1956; x_wconf 87' lang='lat' dir='ltr'><strong>illo,</strong></span> <span class='ocrx_word' id='word_1_72' title='bbox 732 1862 819 1959; x_wconf 86' lang='lat' dir='ltr'><strong>qued</strong></span> <span class='ocrx_word' id='word_1_73' title='bbox 851 1863 1042 1936; x_wconf 85' lang='lat' dir='ltr'><strong>Brnnekins</strong></span> <span class='ocrx_word' id='word_1_74' title='bbox 1076 1863 1168 1937; x_wconf 73' lang='lat' dir='ltr'><strong>(ledit</strong></span> <span class='ocrx_word' id='word_1_75' title='bbox 1192 1865 1229 1936; x_wconf 91' lang='lat' dir='ltr'><strong>in</strong></span> 
     </span>
    </p>
   </div>
   <div class='ocr_carea' id='block_1_8' title="bbox 159 1981 425 2057">
    <p class='ocr_par' dir='ltr' id='par_1_8' title="bbox 159 1981 425 2057">
     <span class='ocr_line' id='line_1_13' title="bbox 159 1981 425 2057; baseline -0.004 -3"><span class='ocrx_word' id='word_1_76' title='bbox 159 1981 310 2054; x_wconf 82' lang='lat' dir='ltr'><strong>Aelrarn.</strong></span> <span class='ocrx_word' id='word_1_77' title='bbox 335 1984 425 2057; x_wconf 83' lang='grc'><strong>748.</strong></span> 
     </span>
    </p>
   </div>
   <div class='ocr_carea' id='block_1_9' title="bbox 235 2145 1014 2252">
    <p class='ocr_par' dir='ltr' id='par_1_9' title="bbox 235 2145 1014 2252">
     <span class='ocr_line' id='line_1_14' title="bbox 235 2145 1014 2252; baseline 0 -28"><span class='ocrx_word' id='word_1_78' title='bbox 235 2146 308 2252; x_wconf 69' lang='grc' dir='ltr'><strong>ἐγὼ</strong></span> <span class='ocrx_word' id='word_1_79' title='bbox 334 2147 375 2224; x_wconf 76' lang='grc' dir='ltr'><strong>δὲ</strong></span> <span class='ocrx_word' id='word_1_80' title='bbox 401 2151 550 2249; x_wconf 81' lang='grc' dir='ltr'><strong><em>καρυξῶ</em></strong></span> <span class='ocrx_word' id='word_1_81' title='bbox 575 2176 626 2251; x_wconf 71' lang='grc' dir='ltr'><strong>γα</strong></span> <span class='ocrx_word' id='word_1_82' title='bbox 651 2145 904 2243; x_wconf 73' lang='grc' dir='ltr'><strong><em>Δικαιόπολιν,</em></strong></span> <span class='ocrx_word' id='word_1_83' title='bbox 930 2147 1014 2224; x_wconf 76' lang='grc' dir='ltr'><strong>ὅπα.</strong></span> 
     </span>
    </p>
   </div>
   <div class='ocr_carea' id='block_1_10' title="bbox 157 2350 1228 2806">
    <p class='ocr_par' dir='ltr' id='par_1_10' title="bbox 157 2350 1228 2806">
     <span class='ocr_line' id='line_1_15' title="bbox 260 2350 1228 2448; baseline -0.001 -22"><span class='ocrx_word' id='word_1_84' title='bbox 260 2351 418 2426; x_wconf 81' lang='lat' dir='ltr'><strong>Secunde</strong></span> <span class='ocrx_word' id='word_1_85' title='bbox 443 2353 528 2425; x_wconf 90' lang='lat' dir='ltr'><strong>nihil</strong></span> <span class='ocrx_word' id='word_1_86' title='bbox 554 2353 745 2425; x_wconf 86' lang='lat' dir='ltr'><strong>offensionis</strong></span> <span class='ocrx_word' id='word_1_87' title='bbox 771 2354 871 2425; x_wconf 88' lang='lat' dir='ltr'><strong>babet</strong></span> <span class='ocrx_word' id='word_1_88' title='bbox 894 2352 1013 2426; x_wconf 84' lang='lat' dir='ltr'><strong>incisio</strong></span> <span class='ocrx_word' id='word_1_89' title='bbox 1027 2351 1062 2422; x_wconf 92' lang='lat' dir='ltr'><strong>in</strong></span> <span class='ocrx_word' id='word_1_90' title='bbox 1075 2350 1136 2425; x_wconf 90' lang='lat' dir='ltr'><strong>illa</strong></span> <span class='ocrx_word' id='word_1_91' title='bbox 1157 2352 1228 2448; x_wconf 84' lang='lat' dir='ltr'><strong>syl-</strong></span> 
     </span>
     <span class='ocr_line' id='line_1_16' title="bbox 157 2470 1228 2568; baseline 0.002 -25"><span class='ocrx_word' id='word_1_92' title='bbox 157 2471 235 2544; x_wconf 87' lang='lat' dir='ltr'><strong>laba</strong></span> <span class='ocrx_word' id='word_1_93' title='bbox 259 2471 360 2563; x_wconf 85' lang='lat' dir='ltr'><strong>faeta,</strong></span> <span class='ocrx_word' id='word_1_94' title='bbox 388 2471 418 2543; x_wconf 87' lang='lat' dir='ltr'><strong>si</strong></span> <span class='ocrx_word' id='word_1_95' title='bbox 443 2473 554 2568; x_wconf 83' lang='lat' dir='ltr'><strong>gravis</strong></span> <span class='ocrx_word' id='word_1_96' title='bbox 580 2495 717 2544; x_wconf 79' lang='lat' dir='ltr'><strong>caesura</strong></span> <span class='ocrx_word' id='word_1_97' title='bbox 742 2478 818 2542; x_wconf 87' lang='lat' dir='ltr'><strong>ante</strong></span> <span class='ocrx_word' id='word_1_98' title='bbox 837 2471 968 2544; x_wconf 81' lang='lat' dir='ltr'><strong>tertiam</strong></span> <span class='ocrx_word' id='word_1_99' title='bbox 986 2471 1076 2543; x_wconf 83' lang='lat' dir='ltr'><strong>arsin</strong></span> <span class='ocrx_word' id='word_1_100' title='bbox 1095 2470 1146 2545; x_wconf 84' lang='lat' dir='ltr'><strong>fit.</strong></span> <span class='ocrx_word' id='word_1_101' title='bbox 1171 2470 1228 2545; x_wconf 89' lang='lat' dir='ltr'><strong>Ita</strong></span> 
     </span>
     <span class='ocr_line' id='line_1_17' title="bbox 159 2589 1227 2686; baseline 0.002 -24"><span class='ocrx_word' id='word_1_102' title='bbox 159 2590 246 2662; x_wconf 91' lang='lat' dir='ltr'><strong>enim</strong></span> <span class='ocrx_word' id='word_1_103' title='bbox 271 2615 376 2662; x_wconf 82' lang='lat' dir='ltr'><strong>nevus</strong></span> <span class='ocrx_word' id='word_1_104' title='bbox 401 2589 436 2661; x_wconf 91' lang='lat' dir='ltr'><strong>in</strong></span> <span class='ocrx_word' id='word_1_105' title='bbox 463 2591 563 2662; x_wconf 87' lang='lat' dir='ltr'><strong>tertia</strong></span> <span class='ocrx_word' id='word_1_106' title='bbox 589 2591 656 2662; x_wconf 84' lang='lat' dir='ltr'><strong>arsi</strong></span> <span class='ocrx_word' id='word_1_107' title='bbox 681 2589 844 2686; x_wconf 79' lang='lat' dir='ltr'><strong>incipiens</strong></span> <span class='ocrx_word' id='word_1_108' title='bbox 869 2612 1023 2661; x_wconf 84' lang='lat' dir='ltr'><strong>numerus</strong></span> <span class='ocrx_word' id='word_1_109' title='bbox 1038 2598 1130 2663; x_wconf 87' lang='lat' dir='ltr'><strong>arete</strong></span> <span class='ocrx_word' id='word_1_110' title='bbox 1144 2614 1227 2664; x_wconf 88' lang='lat' dir='ltr'><strong>eon·</strong></span> 
     </span>
     <span class='ocr_line' id='line_1_18' title="bbox 158 2707 1124 2806; baseline 0.003 -27"><span class='ocrx_word' id='word_1_111' title='bbox 158 2708 252 2806; x_wconf 83' lang='lat' dir='ltr'><strong>iungi</strong></span> <span class='ocrx_word' id='word_1_112' title='bbox 278 2732 390 2801; x_wconf 81' lang='lat' dir='ltr'><strong>voees,</strong></span> <span class='ocrx_word' id='word_1_113' title='bbox 417 2731 500 2804; x_wconf 89' lang='lat' dir='ltr'><strong>qnae</strong></span> <span class='ocrx_word' id='word_1_114' title='bbox 526 2709 663 2781; x_wconf 85' lang='lat' dir='ltr'><strong>suntin</strong></span> <span class='ocrx_word' id='word_1_115' title='bbox 689 2716 805 2805; x_wconf 87' lang='lat' dir='ltr'><strong>quarte</strong></span> <span class='ocrx_word' id='word_1_116' title='bbox 831 2707 930 2806; x_wconf 85' lang='lat' dir='ltr'><strong>pede,</strong></span> <span class='ocrx_word' id='word_1_117' title='bbox 956 2709 1124 2806; x_wconf 84' lang='lat' dir='ltr'><strong>postulat:</strong></span> 
     </span>
    </p>
   </div>
   <div class='ocr_carea' id='block_1_11' title="bbox 259 2873 517 2946">
    <p class='ocr_par' dir='ltr' id='par_1_11' title="bbox 259 2873 517 2946">
     <span class='ocr_line' id='line_1_19' title="bbox 259 2873 517 2946; baseline -0.008 -23"><span class='ocrx_word' id='word_1_118' title='bbox 259 2883 282 2923; x_wconf 73' lang='grc' dir='ltr'><strong>ῦ</strong></span> <span class='ocrx_word' id='word_1_119' title='bbox 296 2873 300 2946; x_wconf 85' lang='grc' dir='ltr'>Ι</span> <span class='ocrx_word' id='word_1_120' title='bbox 314 2873 517 2922; x_wconf 57' lang='lat' dir='ltr'><strong>lxlv—Ulu—</strong></span> 
     </span>
    </p>
   </div>
   <div class='ocr_carea' id='block_1_12' title="bbox 158 3009 1226 3209">
    <p class='ocr_par' dir='ltr' id='par_1_12' title="bbox 158 3009 1226 3209">
     <span class='ocr_line' id='line_1_20' title="bbox 158 3009 1226 3110; baseline 0 -24"><span class='ocrx_word' id='word_1_121' title='bbox 158 3010 221 3086; x_wconf 78' lang='lat' dir='ltr'><strong>sio</strong></span> <span class='ocrx_word' id='word_1_122' title='bbox 244 3012 280 3085; x_wconf 91' lang='lat' dir='ltr'><strong>in</strong></span> <span class='ocrx_word' id='word_1_123' title='bbox 305 3009 498 3110; x_wconf 79' lang='lat' dir='ltr'><strong>Lysistrata</strong></span> <span class='ocrx_word' id='word_1_124' title='bbox 522 3036 556 3085; x_wconf 87' lang='lat' dir='ltr'><strong>v.</strong></span> <span class='ocrx_word' id='word_1_125' title='bbox 582 3014 671 3089; x_wconf 82' lang='grc'><strong>768.</strong></span> <span class='ocrx_word' id='word_1_126' title='bbox 696 3013 731 3084; x_wconf 90' lang='lat' dir='ltr'><strong>in</strong></span> <span class='ocrx_word' id='word_1_127' title='bbox 747 3012 875 3085; x_wconf 84' lang='lat' dir='ltr'><strong>Avibus</strong></span> <span class='ocrx_word' id='word_1_128' title='bbox 902 3038 934 3084; x_wconf 86' lang='lat' dir='ltr'><strong>r.</strong></span> <span class='ocrx_word' id='word_1_129' title='bbox 952 3015 1042 3088; x_wconf 92' lang='grc'><strong>441.</strong></span> <span class='ocrx_word' id='word_1_130' title='bbox 1066 3012 1102 3084; x_wconf 87' lang='lat' dir='ltr'><strong>in</strong></span> <span class='ocrx_word' id='word_1_131' title='bbox 1118 3013 1226 3086; x_wconf 88' lang='lat' dir='ltr'><strong>Ranis</strong></span> 
     </span>
     <span class='ocr_line' id='line_1_21' title="bbox 160 3132 423 3209; baseline 0.008 -7"><span class='ocrx_word' id='word_1_132' title='bbox 160 3156 193 3205; x_wconf 83' lang='lat' dir='ltr'><strong>v.</strong></span> <span class='ocrx_word' id='word_1_133' title='bbox 218 3132 308 3207; x_wconf 79' lang='lat'><strong>652.</strong></span> <span class='ocrx_word' id='word_1_134' title='bbox 333 3133 423 3209; x_wconf 81' lang='lat'><strong>658.</strong></span> 
     </span>
    </p>
   </div>
   <div class='ocr_carea' id='block_1_13' title="bbox 229 3277 1183 3738">
    <p class='ocr_par' dir='ltr' id='par_1_13' title="bbox 229 3277 1163 3616">
     <span class='ocr_line' id='line_1_22' title="bbox 234 3277 1163 3380; baseline 0.004 -27"><span class='ocrx_word' id='word_1_135' title='bbox 234 3279 286 3377; x_wconf 82' lang='grc' dir='ltr'><strong>μὴ</strong></span> <span class='ocrx_word' id='word_1_136' title='bbox 312 3277 591 3378; x_wconf 77' lang='grc' dir='ltr'><strong><em>στασιάσωμεν·</em></strong></span> <span class='ocrx_word' id='word_1_137' title='bbox 619 3283 696 3356; x_wconf 73' lang='grc' dir='ltr'><strong><em>ἔστι</em></strong></span> <span class='ocrx_word' id='word_1_138' title='bbox 720 3279 758 3356; x_wconf 74' lang='grc' dir='ltr'><strong>δ’</strong></span> <span class='ocrx_word' id='word_1_139' title='bbox 789 3279 810 3356; x_wconf 80' lang='grc' dir='ltr'><em>ὃ</em></span> <span class='ocrx_word' id='word_1_140' title='bbox 832 3280 999 3380; x_wconf 77' lang='grc' dir='ltr'><strong><em>χρησμὸς</em></strong></span> <span class='ocrx_word' id='word_1_141' title='bbox 1024 3281 1163 3357; x_wconf 84' lang='grc' dir='ltr'><strong><em>οὑτοσί.</em></strong></span> 
     </span>
     <span class='ocr_line' id='line_1_23' title="bbox 235 3396 1132 3497; baseline 0.001 -25"><span class='ocrx_word' id='word_1_142' title='bbox 235 3397 256 3472; x_wconf 83' lang='grc' dir='ltr'><em>ὅ</em></span> <span class='ocrx_word' id='word_1_143' title='bbox 281 3396 560 3497; x_wconf 72' lang='grc' dir='ltr'><strong><em>μαχαιροποιός,</em></strong></span> <span class='ocrx_word' id='word_1_144' title='bbox 585 3396 854 3497; x_wconf 74' lang='grc' dir='ltr'><strong><em>μήτιδάιινειν</em></strong></span> <span class='ocrx_word' id='word_1_145' title='bbox 878 3407 1035 3482; x_wconf 73' lang='grc' dir='ltr'><strong><em>τούτους</em></strong></span> <span class='ocrx_word' id='word_1_146' title='bbox 1059 3399 1132 3497; x_wconf 75' lang='grc' dir='ltr'><strong>ἐμέ.</strong></span> 
     </span>
     <span class='ocr_line' id='line_1_24' title="bbox 229 3513 1090 3616; baseline 0.003 -26"><span class='ocrx_word' id='word_1_147' title='bbox 229 3515 448 3615; x_wconf 66' lang='grc' dir='ltr'><strong>τἄνθρωπος</strong></span> <span class='ocrx_word' id='word_1_148' title='bbox 472 3513 578 3614; x_wconf 79' lang='grc' dir='ltr'><strong><em>ἱερός,</em></strong></span> <span class='ocrx_word' id='word_1_149' title='bbox 605 3517 716 3616; x_wconf 74' lang='grc' dir='ltr'><strong><em>δεῦρο</em></strong></span> <span class='ocrx_word' id='word_1_150' title='bbox 741 3514 855 3594; x_wconf 77' lang='grc' dir='ltr'><strong><em>πάλιν</em></strong></span> <span class='ocrx_word' id='word_1_151' title='bbox 878 3517 1090 3615; x_wconf 72' lang='grc' dir='ltr'><strong><em>βαδιστέον.</em></strong></span> 
     </span>
    </p>

    <p class='ocr_par' dir='ltr' id='par_1_14' title="bbox 232 3632 1183 3738">
     <span class='ocr_line' id='line_1_25' title="bbox 232 3632 1183 3738; baseline 0.002 -30"><span class='ocrx_word' id='word_1_152' title='bbox 232 3632 271 3708; x_wconf 84' lang='grc' dir='ltr'><strong>τί</strong></span> <span class='ocrx_word' id='word_1_153' title='bbox 294 3633 338 3710; x_wconf 85' lang='grc' dir='ltr'><strong>τὸ</strong></span> <span class='ocrx_word' id='word_1_154' title='bbox 364 3643 521 3738; x_wconf 71' lang='grc' dir='ltr'><strong><em>πρᾶγμα</em></strong></span> <span class='ocrx_word' id='word_1_155' title='bbox 545 3633 650 3711; x_wconf 88' lang='grc' dir='ltr'><strong><em>τουτί</em></strong></span> <span class='ocrx_word' id='word_1_156' title='bbox 656 3666 670 3726; x_wconf 84' lang='grc'><strong>,·</strong></span> <span class='ocrx_word' id='word_1_157' title='bbox 696 3634 808 3737; x_wconf 77' lang='grc' dir='ltr'><strong><em>δεῦρο</em></strong></span> <span class='ocrx_word' id='word_1_158' title='bbox 833 3633 947 3711; x_wconf 79' lang='grc' dir='ltr'><strong><em>πάλιν</em></strong></span> <span class='ocrx_word' id='word_1_159' title='bbox 970 3633 1183 3732; x_wconf 79' lang='grc' dir='ltr'><strong><em>βαδιστέον.</em></strong></span> 
     </span>
    </p>
   </div>
   <div class='ocr_carea' id='block_1_14' title="bbox 158 3821 1225 4019">
    <p class='ocr_par' dir='ltr' id='par_1_15' title="bbox 158 3821 1225 4019">
     <span class='ocr_line' id='line_1_26' title="bbox 158 3821 1225 3918; baseline -0.005 -21"><span class='ocrx_word' id='word_1_160' title='bbox 158 3824 256 3917; x_wconf 73' lang='lat' dir='ltr'>Quod</span> <span class='ocrx_word' id='word_1_161' title='bbox 282 3847 379 3897; x_wconf 80' lang='lat' dir='ltr'><strong>neena</strong></span> <span class='ocrx_word' id='word_1_162' title='bbox 409 3831 473 3916; x_wconf 84' lang='lat' dir='ltr'><strong>eat,</strong></span> <span class='ocrx_word' id='word_1_163' title='bbox 500 3823 592 3895; x_wconf 88' lang='lat' dir='ltr'><strong>nulla</strong></span> <span class='ocrx_word' id='word_1_164' title='bbox 616 3823 803 3896; x_wconf 85' lang='lat' dir='ltr'><strong>lrninsmodi</strong></span> <span class='ocrx_word' id='word_1_165' title='bbox 829 3845 967 3895; x_wconf 86' lang='lat' dir='ltr'><strong>caesura</strong></span> <span class='ocrx_word' id='word_1_166' title='bbox 991 3821 1225 3918; x_wconf 78' lang='lat' dir='ltr'><strong>praecedente,</strong></span> 
     </span>
     <span class='ocr_line' id='line_1_27' title="bbox 159 3943 590 4019; baseline 0 -5"><span class='ocrx_word' id='word_1_167' title='bbox 159 3951 196 4015; x_wconf 88' lang='lat' dir='ltr'><strong>ut</strong></span> <span class='ocrx_word' id='word_1_168' title='bbox 220 3944 256 4016; x_wconf 90' lang='lat' dir='ltr'><strong>in</strong></span> <span class='ocrx_word' id='word_1_169' title='bbox 280 3943 387 4015; x_wconf 86' lang='lat' dir='ltr'><strong>Ranis</strong></span> <span class='ocrx_word' id='word_1_170' title='bbox 416 3967 448 4013; x_wconf 80' lang='lat' dir='ltr'><strong>r.</strong></span> <span class='ocrx_word' id='word_1_171' title='bbox 477 3944 590 4019; x_wconf 85' lang='lat'>1307.</span> 
     </span>
    </p>
   </div>
   <div class='ocr_carea' id='block_1_15' title="bbox 234 4087 1148 4193">
    <p class='ocr_par' dir='ltr' id='par_1_16' title="bbox 234 4087 1148 4193">
     <span class='ocr_line' id='line_1_28' title="bbox 234 4087 1148 4193; baseline -0.003 -26"><span class='ocrx_word' id='word_1_172' title='bbox 234 4091 326 4193; x_wconf 78' lang='grc' dir='ltr'><strong><em>πρὸς</em></strong></span> <span class='ocrx_word' id='word_1_173' title='bbox 348 4091 463 4193; x_wconf 81' lang='grc' dir='ltr'><strong><em>ἥνπερ</em></strong></span> <span class='ocrx_word' id='word_1_174' title='bbox 489 4089 675 4192; x_wconf 77' lang='grc' dir='ltr'><strong><em>ἐπιτήδεια</em></strong></span> <span class='ocrx_word' id='word_1_175' title='bbox 698 4087 787 4166; x_wconf 77' lang='grc' dir='ltr'><strong>τάδ’</strong></span> <span class='ocrx_word' id='word_1_176' title='bbox 818 4087 886 4165; x_wconf 67' lang='lat' dir='ltr'><strong>b‘oe&#39;</strong></span> <span class='ocrx_word' id='word_1_177' title='bbox 915 4087 1022 4188; x_wconf 71' lang='grc' dir='ltr'><strong><em>ᾄδειν</em></strong></span> <span class='ocrx_word' id='word_1_178' title='bbox 1046 4090 1148 4188; x_wconf 76' lang='grc' dir='ltr'><strong>μέλη.</strong></span> 
     </span>
    </p>
   </div>
   <div class='ocr_carea' id='block_1_16' title="bbox 0 0 1332 4786">
    <p class='ocr_par' dir='ltr' id='par_1_17' title="bbox 0 0 1332 4786">
     <span class='ocr_line' id='line_1_29' title="bbox 0 0 1332 4786; baseline 0 1"><span class='ocrx_word' id='word_1_179' title='bbox 0 0 1332 4786; x_wconf 95' lang='lat' dir='ltr'><strong> </strong></span> 
     </span>
    </p>
   </div>
  </div>
 </body>
</html>
