2654 4786
423 369 471 422 nn
489 365 663 426 vnnsinvs
680 369 911 425 nacnsnncns.
1139 355 1199 423 ΙΙΙ

134 542 175 688 20
213 519 410 690 iodgmur
451 543 517 587 con
556 542 643 589 vorsu
682 521 906 604 Pherecratem,
951 528 982 588 ut
1019 521 1052 588 in
1089 521 1202 589 Aesets

165 642 198 710 g·
486 638 490 645 .

218 755 299 846 ἀλκᾷ
319 754 481 842 σύμφυτος
501 753 585 820 αἰών.

134 891 169 954 in
192 890 323 957 secondo
345 890 419 980 pede
440 892 492 955 vix
512 889 680 954 invenietur
701 890 860 979 spondens.

517 1044 520 1049 ’
572 1058 638 1199 'a
659 1090 733 1160 sos.

218 1243 413 1309 Trimeter
434 1243 678 1308 acatalectus
701 1243 795 1308 sicubi
810 1244 842 1308 in
858 1245 1029 1330 systematis
1040 1246 1200 1329 invenitur,

131 1368 244 1435 pravae
271 1347 372 1434 potins
404 1367 542 1411 versuum
576 1344 778 1411 distributioni
807 1344 909 1410 deberi
938 1347 1073 1430 videtur,
1107 1357 1139 1413 nt
1168 1349 1199 1413 in

129 1448 250 1517 Phoen.
275 1444 349 1512 806.
375 1444 448 1511 807.
474 1444 547 1511 824.
567 1444 642 1511 625.
669 1445 716 1511 ed.
741 1447 843 1528 Pors,
872 1447 923 1513 nbi
948 1449 1011 1514 bini
1032 1449 1200 1551 liuiusmodi

129 1569 237 1629 venans
259 1548 291 1615 in
315 1569 402 1613 nnnm
423 1547 627 1613 hexametrum
650 1547 859 1634 coniungendi.

601 1745 737 1834 §.noa

158 1906 173 1931 ··
216 1880 463 1951 Tetraniater
484 1878 737 1947 catalecticus
758 1882 796 1947 in
823 1879 1012 1969 syliabajn
1042 1885 1118 1973 apud
1146 1884 1197 1951 tt-

129 2007 265 2051 emanem
287 1984 455 2049 invenitur:

216 2107 315 2166 ταῦτα
336 2101 393 2182 μὲν
413 2100 455 2175 ὡς
475 2097 514 2163 ἂν
533 2096 552 2165 ὃ
573 2101 672 2193 δῆμος
693 2099 783 2177 ἅπας.

129 2237 173 2302 Et
194 2235 273 2326 apud
294 2235 404 2300 dasch.
426 2234 530 2323 Snppl.
551 2233 624 2300 552.
646 2223 729 2300 sot?
771 2252 774 2258 ’

216 2351 317 2417 πολλὰ
337 2358 459 2438 βροτῶν
480 2351 708 2432 διαμειβομένα.

214 2451 403 2539 Παμφύλων
424 2478 455 2518 τε
477 2453 669 2537 διορνυμένα.
759 2498 762 2502 -

127 2588 274 2686 Spondeo
296 2589 328 2653 in
350 2589 407 2654 hoc
428 2588 581 2654 excusatio
604 2599 650 2653 est
670 2588 706 2653 ab
730 2589 848 2654 nomine
870 2589 1003 2677 proprio.

599 2787 633 2874 §-
655 2769 728 2855 295.

214 2924 463 2990 Tetranieter
480 2923 743 2989 catalecticos
771 2924 808 2988 in
831 2924 1059 3012 disyllabum
1088 2925 1196 2990 Archi-

126 3026 217 3092 locho
239 3033 396 3114 usurpatus
418 3026 448 3129 in
472 3023 595 3111 enodis:

214 3140 398 3228 φαινόμενον
419 3141 512 3206 κακὸν
534 3140 630 3205 οἴκαδ’
654 3140 794 3227 ἄγεσθαι.

127 3278 176 3343 Eo
198 3300 287 3344 versu
308 3279 428 3364 integra
447 3277 580 3342 carmina
601 3275 733 3341 condidit
754 3277 928 3345 Anacreon:

215 3392 362 3478 ἆδαμελές
380 3395 529 3479 χαρίεσσα
548 3394 672 3476 χελιδοῖ.

501 3593 518 3601 ·’
598 3594 631 3681 s.
654 3595 726 3662 noo.

131 3725 136 3730 ⁵
215 3730 465 3797 Tetrametro
489 3728 702 3796 acatalecto
725 3739 754 3794 et
776 3730 902 3794 seorsim
924 3730 970 3794 nsi
993 3738 1061 3794 sunt
1082 3731 1193 3795 scenici

127 3841 253 3922 poetae,
279 3833 323 3899 ita
349 3846 380 3899 nt
401 3841 522 3921 propter
543 3831 673 3896 nltimam
696 3832 852 3918 ancipitem
877 3833 966 3896 etiam
988 3831 1138 3896 Creticum
1160 3832 1192 3897 in

128 3934 191 3999 fine
208 3933 282 4022 poni
300 3933 415 4014 diceret,
438 3942 469 3997 ut
490 3932 584 4021 Soph.
606 3931 686 4000 Phit.
708 3931 782 3997 826.
805 3932 866 3997 nisi
887 3930 994 4017 ἅλγεος
1014 3933 1149 4019 scripsit:

212 4045 414 4128 ὅτιν’-ὄδίνας
436 4045 544 4132 ἀδαῆς»
564 4046 637 4114 dues
660 4047 685 4112 d'
709 4048 833 4134 ἀλγέων,
871 4041 876 4050 ’
