2654 4786
429 381 478 434 ou
497 381 669 437 vuusrovs
688 382 908 438 ouucoums,
1139 369 1202 438 199

220 527 374 608 εὐξύνετον
389 534 537 608 ξυνετοῖσι
556 530 646 612 βοάν.
679 538 682 542 ’

217 631 392 714 odd-ordume
412 635 455 698 ot
476 636 583 699 ναυσὶν
602 633 686 716 ἔβαν.

133 768 194 844 uui
223 767 363 858 dactylici
379 768 488 859 ‚potius
517 791 584 860 esse
611 770 756 836 videntur.
808 768 1001 851 Verisimile
1025 779 1199 857 esttamen,

133 871 329 937 recentiorem
357 864 547 959 tragoediam
572 871 659 937 etiam
694 873 723 936 in
754 871 917 961 Glyoooeis
946 871 1090 939 interdum
1123 875 1199 939 huno

134 972 237 1061 pedem
259 972 406 1061 dactylum
428 974 553 1039 fecisse:
577 974 700 1069 vide,§.
721 972 794 1041 468.

438 1250 441 1254 ἡ
601 1156 732 1251 5474.
863 1200 866 1205 -

217 1292 426 1376 choriambus,
447 1293 497 1380 qui
519 1295 550 1358 iu
573 1295 628 1358 bae
649 1295 746 1387 forma
763 1296 895 1381 ultimum
912 1295 1008 1359 lucum
1026 1303 1115 1377 tenet,
1138 1316 1196 1360 uou

134 1396 247 1461 videtur
268 1395 298 1458 iu
321 1395 487 1460 Molossum
510 1404 636 1460 mutatus
658 1404 748 1462 esse.'
770 1396 855 1461 Nibil
877 1395 955 1460 euim
977 1398 1082 1485 probat
1103 1395 1195 1485 Sopb.

135 1496 426 1584 dntig.103.120.

210 1606 453 1718 Ιἔφσὶσθης7ιόθ,
474 1623 499 1696 ὦ
517 1631 659 1714 χρυσέας,
757 1654 760 1661 ·

214 1728 712 1818 Qfflfflmw·

131 1892 189 1935 uon
220 1869 315 1935 solum
343 1875 464 1958 propter
491 1871 660 1956 ambiguam
683 1854 853 1951 mensuram:
875 1867 958 1934 verbi
986 1864 1130 1952 χρύσεος,
1159 1867 1196 1932 de

132 1993 186 2057 qua
208 1993 236 2036 v.
258 1969 352 2035 Elem.
382 1971 409 2034 d.
432 1993 469 2035 m.
496 1991 525 2059 p.
547 1969 610 2053 dd,
639 1971 692 2036 sed
720 1970 827 2054 etiam',
844 1969 919 2057 ¹quia
940 1969 1036 2036 deleto
1059 1960 1084 2032 ὦ
1105 1969 1195 2034 facile

132 2072 245 2138 restitui
268 2072 362 2137 altera
384 2070 531 2157 Glyoouei
553 2072 650 2136 [orma
671 2078 816 2161 potest·
1121 2096 1126 2106 ·

593 2257 627 2344 s.
650 2255 722 2324 475.

211 2391 298 2456 Solvi
312 2412 383 2456 vero
400 2392 564 2457 choriambi
579 2392 665 2457 buius
683 2402 832 2478 utramque
850 2392 969 2476 longam
988 2391 1067 2456 licet.
1089 2389 1192 2479 Eurip.

94 2585 100 2592 1
132 2492 238 2559 Baoelb
258 2488 331 2591 4111.
354 2490 427 2559 427.

211 2624 297 2693 ἔκεΐσ’
320 2624 440 2711 dysme,
464 2623 590 2716 Βρόμιε,
612 2625 736 2713 Βρόμιε.

211 2728 317 2814 σοφὰν
339 2729 364 2791 d’
389 2727 479 2811 ἄπεχε
501 2722 639 2814 πραπίδα
662 2729 759 2814 φρένα
782 2755 833 2827 τε.Ι

592 2915 628 3002 s.
650 2914 725 2982 oro.
772 2922 783 2953 ν

206 3050 287 3119 Nam
310 3049 526 3137 elsiGlyoonei
547 3050 693 3117 interdum
716 3073 776 3116 nou
792 3058 964 3138 perpetuam
978 3070 1100 3114 numero
1122 3069 1190 3114 sese

129 3152 287 3240 excipiunt,
310 3151 387 3215 uude
409 3160 438 3216 et
460 3152 556 3216 hiatus
579 3152 608 3215 io
632 3152 690 3216 fiuo
713 3153 806 3216 locum
830 3152 927 3232 habet,
950 3159 979 3214 et
999 3149 1117 3237 syllaba
1138 3173 1190 3215 au·

128 3274 193 3340 ceps
224 3252 306 3335 (vide
334 3251 460 3317 Seidler.
485 3252 521 3316 ad
548 3252 653 3340 Eurip.
680 3253 790 3317 Electr.
807 3252 886 3319 153.
914 3260 943 3317 et
964 3251 1063 3337 202),
1092 3261 1190 3317 tameo

127 3354 295 3442 plerumque
324 3355 353 3418 iu
376 3362 538 3442 systemata
566 3355 729 3436 coniuncti,
758 3355 879 3443 excluso
908 3354 991 3426 biatu
1018 3363 1047 3418 et
1074 3352 1190 3440 syllaba

127 3457 259 3543 ancipiti,
282 3476 339 3519 uou
363 3456 448 3520 modo
471 3458 561 3520 verba
581 3456 658 3521 iuter
680 3456 752 3520 duo's
775 3477 878 3520 versus
900 3455 1004 3537 dividi,
1026 3454 1078 3520 sed
1101 3456 1189 3519 etiam

126 3555 254 3621 ultimam
272 3579 375 3621 versus
397 3556 542 3644 syllabam
564 3557 641 3622 solvi
661 3558 819 3645 patiuntur.
864 3556 940 3624 Vide
963 3555 1130 3642 Seidlerum
1152 3556 1189 3620 de

126 3679 216 3724 verso.
239 3658 354 3724 docbm.
376 3679 406 3745 p.
427 3656 498 3723 260.
522 3665 551 3723 et
572 3657 608 3722 ad
631 3656 735 3746 Eurip.
757 3658 821 3746 lph.
844 3658 941 3722 Taur.
964 3656 1057 3723 1076.

545 3792 548 3799 ’
586 3842 619 3928 s.
647 3840 719 3909 477.

206 3975 457 4053 Quemadmodum
480 3976 660 4042 dochmiacis
681 3978 817 4047 versibus
839 3976 891 4042 alii
912 3975 1043 4056 numeri,
1072 3973 1185 4039 similes

128 4076 200 4162 illis,
227 4078 275 4144 vel
295 4084 395 4167 partes
417 4099 535 4163 eorum,
563 4085 593 4144 ot
614 4079 852 4145 intermiscentur
874 4087 903 4142 et
925 4075 1114 4164 copulantur,
1143 4076 1184 4139 ita
