2654 4786
527 386 575 441 uu
594 386 807 442 msnmmvs-
1002 400 1005 403 ·
1177 370 1197 436 7

131 537 216 612 Qnud
239 559 327 624 quum
349 538 392 619 tic,
413 550 526 626 tempus
547 537 631 619 iilud,
653 539 683 605 in
706 559 763 624 qun
785 545 830 603 est
851 537 954 620 intus‚.
971 539 1040 624 quia
1057 539 1203 605 'cuhneret

131 648 544 728 cumpraegressutempure,
564 648 663 705 netum
687 661 727 704 ex
748 638 801 704 iiio
823 638 958 720 hebetur,
980 648 1201 725 atquecatenus

131 751 213 806 caret
234 742 312 824 ictu,
343 749 374 814 et
400 740 540 808 theticum
566 751 681 830 tempus
708 751 772 820 est;
798 741 952 809 sedidem
980 748 1095 830 tempus
1116 763 1202 809 acce

129 843 218 909 dente
239 843 269 908 vi
290 843 435 925 absoluta,
456 843 540 908 cuius
563 843 702 908 indicium
725 842 802 908 ictus
819 850 876 924 est,
897 841 986 909 simui
1004 843 1085 909 ersis
1105 844 1148 926 fit,
1171 855 1201 911 et

130 966 238 1011 caussa
263 954 350 1032 atquc
378 944 495 1010 initium
521 946 704 1032 sequentinm
732 954 912 1032 temporum:
941 964 977 1009 eu
1005 945 1109 1027 modu,
1142 967 1200 1033 qun

129 1068 214 1132 quum
236 1068 358 1136 corpus,
377 1045 455 1132 quud
476 1046 508 1112 in
529 1056 608 1113 motu
631 1055 687 1128 est,
708 1068 786 1112 nnva
807 1046 836 1111 vi
857 1044 995 1135 pellitur,
1015 1069 1052 1111 en
1072 1047 1118 1113 vis
1140 1068 1201 1114 nun

130 1147 235 1236 incipit
256 1158 376 1230 motum,
397 1146 450 1213 sed
473 1156 607 1237 coeptum
629 1156 730 1234 suget.
754 1145 829 1212 iliud
849 1154 948 1215 sutem
965 1154 1090 1236 tempuS,
1110 1147 1200 1214 iiinve

129 1258 280 1338 tempora,
307 1271 381 1338 qnae
409 1250 589 1338 praecedunt
610 1250 711 1331 arsin,
738 1257 862 1338 apparet
887 1255 987 1336 pantes
1019 1271 1086 1314 esse
1108 1251 1199 1315 seriei

131 1352 167 1416 ab
188 1351 278 1416 initio
299 1350 445 1416 infinitae.
468 1349 514 1415 Ea
536 1367 669 1440 tempusa
691 1350 897 1416 anacrusin
917 1370 1064 1414 vocamus.
1106 1349 1198 1416 Simi-

129 1452 196 1518 liter
223 1453 254 1517 in
285 1452 390 1540 figuris
412 1450 541 1517 describi
571 1462 711 1542 possunt,
739 1474 859 1540 quarum
889 1454 1091 1516 extremitates
1118 1450 1198 1518 nuiia
1268 1474 1271 1481 ’

128 1552 185 1619 siut
208 1554 291 1620 linea
312 1553 487 1618 terminatae
496 1578 512 1629 z,
527 1574 600 1640 quae
621 1555 747 1644 proinde
769 1545 903 1619 infinitae
924 1562 1001 1619 sunt.
1030 1553 1198 1636 dstantem

128 1655 281 1721 anastasis
309 1665 415 1721 natura
443 1677 498 1721 sua
525 1654 635 1738 thesis,
667 1655 687 1721 i.
717 1677 744 1720 e.
772 1664 885 1742 tempus
912 1674 971 1739 nun
1003 1676 1042 1723 ex
1063 1656 1199 1723 absoluta
1284 1677 1287 1684 ·

128 1778 242 1839 caussa,
264 1756 319 1822 sed
341 1778 380 1822 ex
401 1756 470 1822 aliis
490 1758 679 1845 praegressis
693 1756 875 1844 temporibus
887 1763 993 1822 natum.
1008 1748 1198 1825 ¹Sumendnm

129 1867 172 1943 est
193 1859 292 1941 enim,
319 1878 500 1948 praegressa
522 1878 589 1942 esse
611 1858 671 1922 alia
692 1868 843 1947 tempora,
871 1857 956 1945 qnia,
978 1859 1056 1947 qnod
1078 1881 1137 1927 uun
1159 1883 1198 1927 ex

128 1958 261 2026 absniuta
282 1980 389 2025 caussa
409 1958 551 2043 nascitur,
572 1959 603 2023 in
616 1959 771 2026 'infinitum
796 1979 835 2024 ex
851 1959 919 2025 aliis
933 1959 1072 2051 deinceps
1084 1962 1197 2029 caussis

128 2072 226 2127 uatum
260 2083 328 2128 esse
356 2082 478 2126 necesse
506 2068 560 2127 est.
609 2058 749 2127 Ceterum
783 2070 917 2151 tempora
944 2083 1030 2149 quum
1059 2084 1099 2131 ex
1125 2072 1197 2129 tcm-

127 2164 247 2251 poribus
268 2161 352 2227 nasci
375 2161 517 2245 dicimus,
545 2160 700 2228 brevitatis
722 2182 829 2229 cnnssa
850 2163 892 2229 ita
914 2162 1076 2249 loquimur,
1100 2172 1197 2231 tram·

128 2264 183 2330 iate
205 2266 298 2330 verbu
320 2285 339 2327 s
359 2265 474 2329 caussis
495 2271 582 2351 atque
603 2261 759 2330 effectibus
779 2263 818 2330 ad
839 2273 982 2353 tempora,
1005 2265 1196 2352 qutehnrum

128 2366 274 2454 imagines
295 2365 372 2432 sunt.

496 2562 730 2573 m
733 2567 824 2573 -..-

530 2750 667 2826 m.
691 2753 788 2827 m.
817 2782 822 2793 ⁴

403 2891 915 2965 Deurdinihus.

599 3057 634 3145 p
663 3058 716 3128 17.

205 3176 356 3241 Numerus
377 3182 429 3241 ant
448 3175 583 3243 infinitus
603 3187 659 3258 est,
680 3177 730 3263 qni
739 3185 817 3241 tutus
828 3197 870 3242 ex
884 3176 1002 3242 theticis
1013 3175 1196 3264 temporibus

128 3286 248 3360 mutat,
271 3275 367 3365 qualis
388 3298 526 3344 numerus
547 3277 618 3364 quia
638 3279 781 3345 varietate
803 3286 899 3359 neret,
922 3277 952 3344 in
973 3278 1098 3361 artibus,
1120 3300 1195 3366 quae

127 3380 254 3445 numeris
277 3387 415 3461 utuntur,
447 3378 556 3447 nntium
578 3379 666 3445 babet
686 3401 787 3460 nsum3
814 3388 866 3446 aut
886 3380 985 3446 finitus
1006 3387 1070 3462 ast,
1096 3381 1193 3467 qualis

126 3492 178 3563 est,
200 3480 347 3569 quinrsin
364 3482 462 3547 habet
483 3479 664 3546 Huiusmodi
678 3501 832 3546 numerum
855 3480 1023 3551 ordinem
1046 3503 1193 3548 vucnmns.

598 3614 633 3700 s.
664 3612 713 3682 ie.

207 3732 338 3801 Ordines
360 3741 410 3799 aut
431 3732 626 3825 simplices
641 3743 734 3820 sunt,
756 3736 805 3824 qui
828 3743 878 3802 ant
899 3738 930 3802 in
952 3735 1017 3802 suia
1039 3734 1100 3800 arsi
1122 3756 1191 3799 enn-

127 3832 241 3916 sistunt,
263 3841 295 3899 ut

128 4026 173 4082 aut
193 4040 232 4084 ex
246 3975 316 4085 ’arsi
337 4030 368 4086 et
388 4021 466 4086 thesi
488 4029 639 4104 coustant,
662 4032 693 4087 ut
