2654 4786
422 370 914 428 oavoosmrsoocrrucrs
1143 358 1204 425 113

601 522 638 610 ς.
656 522 732 590 νοτ.

219 654 727 724 Ροιίττοιοίεοοτίτ1εσείοο
759 657 796 722 in
828 657 1015 747 syllabam
1043 680 1114 725 osus
1143 659 1202 726 So·

133 755 257 843 plrocles'
278 757 310 821 ia
332 758 428 823 Aiace
448 756 522 825 224.
542 757 616 824 246.
787 768 790 773 “

218 894 280 954 τῶν
300 862 440 976 μεγάλων
460 892 597 957 Δαναῶν
616 866 677 958 ἀπο
699 892 895 979 κλῃζομίναν.

217 986 237 1073 ἢ
259 990 338 1057 θοάν
359 994 487 1079 είρεσίας
507 992 595 1078 ζυγὸν
616 989 764 1072 ἱζόμενον.

596 1179 732 1266 ceos.

216 1312 463 1401 Pentameter
491 1314 739 1381 catalecticus
764 1316 807 1405 ¹io
829 1312 1056 1402 disyllabum
1078 1318 1116 1382 ab
1139 1316 1202 1383 lle·

129 1414 310 1503 phaestiorre
330 1406 532 1482 Simmieos
554 1422 686 1499 vocator,
708 1415 787 1503 qood
807 1416 950 1481 Simmies
972 1438 1008 1482 ec
1031 1439 1101 1484 usos
1124 1419 1179 1484 sit:

213 1541 319 1617 χαῖρε,
340 1530 433 1611 ἀναξ,
455 1532 679 1632 ἕταρειζαάίας
698 1529 803 1621 μάκαρ
825 1531 914 1617 ἥβας.

127 1664 361 1834 ΐεῑτάγΙοοηίρ
382 1666 445 1755 Ag.
468 1668 539 1734 123.
562 1638 633 1735 lto.
656 1636 727 1747 167.
749 1669 780 1755 in
809 1676 912 1756 quarto
942 1669 1018 1756 pede
1039 1670 1202 1758 spondeum

148 1776 257 1834 aet:·
313 1790 316 1795 ·
429 1814 432 1819 -

216 1840 334 1951 otiarer
347 1884 470 1951 ἀἰάινον
492 1842 570 1965 εἰσί,
585 1888 621 1951 τὸ
642 1885 670 1949 ‹l'
693 1879 726 1951 εά
747 1884 869 1952 νικάται.

599 2072 634 2159 s.
662 2071 736 2138 τοο.

218 2204 444 2272 Hexametri
467 2205 690 2273 catalectici
712 2207 750 2272 in
766 2204 999 2294 disyllabum
1017 2204 1202 2292 doogenera

129 2315 210 2374 suot.
261 2306 349 2373 Alter
375 2307 513 2374 heroicus
535 2316 591 2390 est,
613 2307 651 2372 cle
671 2329 727 2394 quo
751 2329 815 2395 cap.
837 2329 899 2394 seq.
921 2308 1045 2374 dicetur.
1093 2307 1200 2375 Altero

128 2409 242 2495 tragici
263 2408 309 2474 asi
329 2416 409 2492 sont,
430 2410 480 2497 qui
502 2430 538 2474 eo
561 2408 662 2475 differt
683 2409 720 2473 eb
741 2408 875 2488 heroico,
897 2409 973 2495 qood
995 2430 1049 2498 per
1064 2409 1202 2498 dipodies

128 2509 274 2576 incedens
295 2511 482 2575 orsitusnon
496 2507 627 2594 ἀλόγοις,
649 2510 702 2575 sel
723 2509 833 2597 plenis,
855 2530 1008 2574 caesarem
1031 2529 1090 2576 ooo
1112 2510 1201 2576 habet

128 2632 214 2694 eam,
242 2631 317 2698 quae
337 2610 368 2676 in
391 2610 513 2676 heroico
536 2613 645 2677 usitata
659 2598 726 2693 est,
756 2617 807 2675 aot
827 2611 854 2677 si
876 2610 982 2685 habet,
1010 2611 1100 2676 habet
1120 2632 1199 2678 ceso.

127 2712 238 2805 Eorip.
258 2711 363 2801 Suppl.
385 2711 459 2781 271.

215 2850 308 2930 βᾶθι,
327 2843 455 2924 τάλαιν’,
477 2844 565 2928 ἱερῶν
587 2843 727 2909 ἀασίάων
748 2843 810 2909 ἀπὸ
831 2846 1067 2930 Περσεφονείας,

214 2952 309 3030 βᾶθι,
331 2949 381 3011 καὶ
402 2944 548 3013 ἀντίασον
567 2942 712 3031 γονάτων,
733 2943 782 3010 ἕνα
802 2954 890 3028 χεῖρα
911 2950 1064 3027 βαλοῦσα,

215 3046 327 3114 τίννων
347 3044 523 3113 τεθνεώτων
535 3046 668 3130 αομίσαι
690 3047 795 3128 δίμας,
817 3038 842 3110 ὦ
862 3048 955 3127 μελία
974 3042 1040 3130 ’γοά

132 3226 140 3244 x
217 3146 481 3232 vicinissime
504 3150 703 3230 Καδμείοισιν
724 3145 867 3212 ἀπώλεσα
890 3143 1029 3233 κούρους.

597 3352 632 3437 ς.
658 3352 731 3418 aco.

215 3488 448 3579 llexametro
476 3487 687 3555 acatalecto
714 3485 823 3572 tragici
850 3485 881 3550 in
909 3485 1081 3573 systematis
1108 3492 1198 3549 tetra·

126 3599 313 3673 metrorum,
349 3588 497 3655 interdum
530 3591 618 3655 etiam
651 3588 777 3655 seorsim
808 3588 855 3651 osi
886 3595 964 3652 suot.
1023 3585 1116 3673 Soph.
1148 3583 1197 3648 El.

130 3690 205 3759 134.
230 3690 301 3757 150.

215 3825 294 3905 ἀλλ’,
314 3816 341 3890 ὦ
362 3825 508 3901 παντοίας
529 3816 693 3911 φιλότητος
714 3819 912 3905 ἀμειβόμεναι
930 3819 1031 3909 χάριν.

209 3927 254 3993 ,tal
274 3922 461 4015 τιαντλρίμων
481 3923 601 4009 Νιόβα,
623 3925 657 3992 σε’
678 3924 705 3989 ‹l’
728 3923 818 4010 ἔγωγε
839 3925 920 4005 νίμιο
941 3921 1023 3988 θεόν.

132 4061 338 4151 vitellium.
359 4061 464 4152 Soppl.
485 4062 557 4128 277.
579 4060 652 4128 278.
996 4157 1014 4210 8
