2654 4786
130 382 194 459 260
347 438 351 443 .
486 400 552 456 unu.
571 402 616 454 ιιι.
651 399 730 456 ene.
746 400 843 456 ιιιιιι

131 553 207 640 quud
231 553 297 617 fieri
321 552 400 617 nullo
429 552 515 616 modu
537 560 644 640 potest.
693 549 761 623 Nun
784 552 862 619 enim
884 550 960 633 alia,
989 572 1075 637 quam
1096 551 1199 617 ultima

130 655 264 719 vocabuli
293 653 410 740 syllaba
437 675 546 739 anceps
574 654 724 718 numerari
745 660 859 741 potest,
891 652 1008 734 idest,
1036 653 1064 716 ei
1093 660 1198 717 natura
1250 685 1253 689 ·

131 755 177 818 vel
198 753 348 841 positione
368 752 460 840 lunga
483 762 544 835 est,
568 754 616 819 ubi
639 761 761 819 metrum
785 755 902 818 brevem
923 753 1059 840 requirit,
1081 754 1197 834 brevis;

130 854 176 918 sin
207 854 304 919 brevis
330 864 436 918 natura
463 864 523 936 est,
554 855 603 918 ubi
632 854 751 941 longam
778 866 901 919 metrum
924 855 1068 943 pustulat,
1096 855 1196 942 longa

130 954 243 1019 Eadem
272 955 348 1020 ratio
378 960 423 1018 est
450 954 601 1041 syllabae,
630 977 704 1041 quae
732 954 828 1021 finalis
857 956 972 1041 quidem
995 963 1057 1038 est,
1084 955 1137 1021 sed
1167 956 1196 1020 in

125 1055 283 1137 uocabulo,
305 1055 380 1142 quud
404 1077 467 1118 eum
491 1066 631 1141 sequente
660 1078 732 1120 vnce
763 1058 803 1121 ita
826 1058 981 1138 cohaeret,
1012 1067 1042 1122 ut
1069 1079 1135 1122 uum
1164 1076 1197 1122 ea

129 1178 204 1245 pene
227 1178 312 1221 unam
335 1178 436 1221 vocent
459 1156 579 1249 effipiat.
614 1156 661 1220 lta
682 1179 767 1234 uentu
791 1181 850 1223 nun
871 1159 961 1239 videt,
984 1157 1060 1222 male
1082 1158 1197 1223 tnrbala

130 1259 206 1323 iusta
233 1257 473 1346 pronuntiatione
502 1257 577 1345 apul
609 1257 840 1346 Aristophanem
873 1260 951 1325 Nnb.
980 1256 1074 1323 1349.
1106 1259 1195 1345 vulgo

129 1356 207 1445 legi:

213 1493 277 1555 ἀλλ’
303 1491 369 1557 ἴσθ’
394 1490 456 1578 ὅτῳ
477 1488 679 1574 θρασύνεται·
703 1489 798 1573 δῆλόν
818 1518 850 1576 γε
871 1492 906 1556 τὸ

280 1593 350 1674 λῆμ’
374 1594 437 1656 ἐστὶ
460 1590 656 1676 τάνθρώπου.

129 1726 182 1792 Sic
204 1727 281 1790 enim
304 1725 339 1789 τὸ
362 1735 393 1790 ut
414 1727 505 1812 lunga
527 1728 643 1814 syllaba
655 1721 914 1818 prenuntiantlum,
937 1736 966 1793 el
986 1749 1082 1816 pausa
1104 1750 1123 1793 a
1145 1749 1196 1793 nu-

128 1829 207 1892 mine
228 1832 321 1910 λῆμα,
344 1849 466 1914 quocum
490 1851 565 1916 pene
588 1829 673 1895 unius
695 1837 777 1896 vocis
800 1832 894 1897 instar
915 1836 976 1912 est,
998 1828 1196 1896 divellendum

127 1940 215 1994 esset.

537 2095 539 2102 “
597 2097 631 2184 ς.
654 2098 727 2164 σιι.

212 2256 358 2321 Omniani
371 2256 473 2343 paucis
486 2257 769 2345 comprehendimus,
792 2258 969 2323 inversibus
990 2272 1064 2323 nun
1086 2257 1194 2323 nexis

128 2364 157 2422 et
178 2359 405 2439 seminexis‚
427 2359 491 2422 nive
513 2358 771 2446 asynartetis,
794 2359 900 2446 regula
922 2359 996 2423 haec
1018 2367 1074 2442 est,
1096 2381 1194 2424 men·

127 2481 251 2523 surani
273 2459 476 2546 ancipitem
500 2460 535 2523 in
559 2460 643 2524 line
664 2460 844 2524 vocabuli
873 2459 1012 2525 indicium
1041 2460 1121 2524 finiti
1143 2482 1194 2526 nu·

127 2560 200 2622 meri
213 2580 279 2622 esse
297 2559 326 2622 in
345 2560 423 2622 arsi
446 2563 708 2646 cuiuscumque
730 2563 892 2644 numeri,
915 2562 950 2625 in
974 2562 1077 2626 thesi
1098 2569 1194 2627 autem

127 2682 163 2723 ea
191 2668 318 2740 tantum,
348 2680 421 2744 quae
454 2669 559 2724 estex
586 2661 758 2748 pluribus
781 2662 943 2749 syllabis
972 2662 1020 2727 vel
1053 2670 1193 2752 tempu·

126 2760 240 2824 nibus.

211 2912 363 2978 Inachia
377 2913 645 2997 furere-eiluein
666 2914 832 2978 honorem
853 2914 997 3000 decutit,

128 3006 131 3013 ’
210 3014 330 3079 lauare
352 3014 446 3079 αἰσία
464 3016 948 3099 pectora-eolla'ea'tude'm'bua

211 3151 260 3211 καὶ
282 3146 403 3231 βήσσας
424 3149 519 3234 ὀρέων
541 3146 860 3227 δυςσαιαάλους-οἷσς
880 3143 918 3234 ἦν
939 3150 985 3235 ἐφ’
1010 3149 1098 3234 ἥβης.

125 3315 202 3380 Nam
226 3318 255 3380 in
279 3318 375 3383 media
397 3341 469 3384 vnce
492 3319 637 3384 servanda
660 3327 706 3384 est
726 3320 805 3384 iusta
827 3341 980 3384 mensura:

210 3474 271 3532 τῶν
293 3466 474 3555 ἐχορήγησεν
495 3468 607 3534 κύκλον
626 3472 819 3558 μελί-γηρυν
835 3468 1016 3547 Ἱππόνικος.

70 3648 73 3653 ’
126 3637 309 3726 Tempurum
331 3638 458 3726 plurium
480 3639 599 3704 theseus
621 3641 759 3730 exempla
780 3647 848 3705 sunt
869 3641 900 3705 in
921 3641 1050 3729 epitritis
1075 3641 1192 3726 Doriis,

127 3739 163 3805 de
185 3740 289 3826 quibus
312 3737 420 3803 dictum
441 3738 475 3823 ἦ.
498 3737 570 3805 599.
615 3741 655 3806 Et
675 3743 705 3806 in
727 3741 840 3807 lunicis
862 3765 880 3806 a
903 3744 1039 3825 minure,
1061 3752 1093 3808 ut
1114 3743 1191 3834 apul

127 3840 280 3930 Aristoph.
304 3838 396 3928 Vesp.
418 3839 490 3905 280.

209 3988 289 4074 τάχα
311 3990 341 4056 δ’
365 3989 402 4054 clv
424 3991 476 4055 διὰ
497 3991 551 4056 τὸν
569 3994 707 4075 pulliceor
727 3992 855 4080 ἄνθρω-

209 4117 278 4176 πον,
300 4089 333 4170 ὃς
354 4088 436 4176 ἡμᾶς
456 4090 591 4159 διεδύετ’.
