2654 4786
126 394 199 449 aru.
216 394 250 448 u.
285 393 364 450 cur.
381 394 492 448 xxxii.
526 394 575 448 ou
592 392 828 451 uuurussrrc.
846 398 1086 452 ruruuuura.
1138 378 1200 448 147

262 544 309 613 θ.
331 546 421 633 pratil
438 558 510 612 tum
529 548 758 613 bowndn'a?
778 548 829 615 D.
850 553 886 616 εἰ
903 555 940 615 m
961 562 996 616 to

250 648 376 736 'pudor
396 649 495 734 decit,
516 671 587 714 non
607 672 660 715 me
682 651 842 739 appeller.

263 749 309 817 61.
325 755 467 837 porcum
486 753 583 817 som
601 775 650 818 ιω
671 765 705 818 to
725 757 873 818 affirm?

262 853 307 918 Ι).
324 865 442 940 potes.-
463 853 562 919 leodio
581 875 652 919 non
672 854 841 920 coenobie.

487 1442 622 1517 CAP-
644 1445 843 1518 XXXII.

315 1615 371 1693 De
406 1618 700 1712 anapaesticis
735 1618 1012 1691 tetrametris.

601 1834 636 1920 §-
657 1835 732 1901 asa.

215 1968 452 2033 Tetrametri
474 1970 530 2034 duo
552 1971 583 2034 in
607 1992 660 2035 usu
683 1970 812 2051 luerunt,
834 1968 1085 2053 acatalectus,
1113 1990 1198 2058 quem

125 2068 189 2133 soli
199 2068 331 2134 Romani
343 2070 479 2134 videntur
491 2093 662 2158 usurpasse,
684 2081 714 2136 et
735 2070 1004 2152 catalecticus,
1026 2073 1198 2136 comoediae

125 2171 287 2260 proprius,
323 2193 380 2259 quo
413 2172 529 2258 utrique
561 2172 607 2236 usi
639 2181 716 2238 suut
775 2172 825 2236 De
858 2171 1108 2254 catalectico,
1149 2172 1199 2259 qui

126 2270 442 2360 Aristophaneus
475 2281 613 2355 vocatur,
648 2282 784 2338 accurate
816 2273 957 2338 disseruit
978 2274 1134 2338 Porsonus
1167 2274 1199 2337 iu

125 2371 284 2460 praelati
307 2373 382 2437 Heu.
406 2394 433 2459 p.
455 2370 507 2437 46.
529 2396 608 2460 seqq.
638 2373 764 2440 Constat
786 2375 835 2437 hic
856 2396 959 2439 versus
983 2377 1108 2440 dimetro
1130 2395 1199 2438 aca-

126 2472 238 2539 talecto
267 2484 297 2539 et
322 2475 527 2563 paroemiam,
557 2497 682 2540 caesura
709 2476 739 2539 in
769 2475 826 2539 fine
855 2477 950 2562 quarti
977 2475 1063 2565 pedis
1094 2475 1198 2541 sedulo

127 2576 302 2657 observata,
330 2574 501 2663 plerumque
528 2577 617 2641 etiam
645 2575 791 2642 incisione
812 2577 893 2642 iacta
914 2577 945 2641 iu
968 2577 1091 2643 secundi
1112 2577 1199 2666 pedis

127 2676 207 2759 line„
222 2688 281 2740 tum
304 2676 414 2740 evitato
435 2677 542 2763 ubique
562 2676 836 2766 proceleusmatico.

596 2878 631 2964 s.
653 2878 727 2945 eeu.

215 3012 357 3088 Quamvis
384 3012 547 3100 diligenter
574 3036 697 3079 caesura
724 3014 755 3079 iu
783 3014 841 3078 fine
864 3015 961 3102 quarti
988 3011 1072 3102 pedis
1095 3013 1197 3076 obser·

129 3124 222 3196 vetur,
245 3124 342 3179 tameo
365 3113 481 3180 videtur
502 3136 548 3196 ea,
571 3116 639 3179 licet
659 3116 831 3198 rarissime,
864 3115 953 3179 etiam
975 3115 1054 3179 lacta
1078 3114 1196 3179 esseio

130 3217 265 3302 proxime
286 3225 427 3302 sequente
449 3216 531 3282 brevi
553 3216 690 3304 syllaba,
724 3224 754 3281 ut
786 3217 815 3280 iu
844 3217 984 3282 dimetro:
1017 3239 1044 3281 v.
1067 3220 1101 3305 ξ.
1124 3216 1197 3281 366.

132 3317 285 3407 aristoph.
309 3319 365 3382 Av.
387 3317 459 3383 600.

211 3440 275 3499 auio
301 3434 469 3521 ἀργυρίων·
506 3425 596 3501 οὗτοι
619 3435 677 3521 γὰρ
705 3435 803 3500 ἴσασι·
837 3436 958 3520 λέγουσι
989 3436 1025 3501 tt
1049 3462 1097 3501 τοι
1123 3433 1197 3499 τάδε

779 3561 898 3613 παντες.

135 3667 166 3734 lu
179 3671 357 3839 {amm
368 3670 485 3738 Cratini
507 3670 797 3759 apudSclroliastam
819 3672 1032 3762 Aristophanis
1054 3671 1091 3736 ad
1114 3670 1195 3735 Aves

138 3789 161 3834 v.
243 3820 252 3836 .

214 3892 264 3954 acl
285 3891 485 3971 πρῶτονμὲν
505 3889 590 3976 παρὰ
618 3893 806 3956 ναυτοδικῶν
832 3887 941 3976 &adyto
967 3890 1037 3975 τρία
1064 3884 1192 3951 κνώδαλ’

779 3991 900 4074 ἀναιδῆ,

216 4093 340 4173 Πασίαν,
358 4091 535 4181 ’Uopiscum
556 4096 718 4181 Λιϊτρεφῆ.

956 4194 1008 4246 1⁰·
