2654 4786
418 1944 500 2017 De
566 1970 881 2019 numero.

607 2129 643 2216 s.
671 2130 701 2197 1.

202 2214 413 2331 noctrina
435 2266 592 2331 metrica
613 2273 659 2331 ost
680 2265 808 2334 scientia
828 2274 998 2332 metrorum.
1031 2265 1192 2333 Mettum

128 2367 281 2434 ostracias
302 2374 464 2458 temporum
486 2374 595 2434 certam
617 2388 783 2433 mensuram
804 2367 982 2435 habentium.

608 2536 642 2623 ς.
671 2536 701 2602 2.

203 2672 234 2737 N
242 2692 389 2738 umeros
411 2679 457 2737 est
471 2672 607 2737 ordinata
623 2673 774 2738 successio
796 2682 971 2762 temporum.
992 2672 1032 2739 Ei
1045 2674 1077 2739 iu
1095 2673 1193 2763 spatio

126 2772 282 2862 respondet
304 2774 539 2862 symmetria,
567 2795 642 2861 quaa
670 2783 717 2839 cst
743 2775 907 2862 spatiorum
934 2773 1072 2840 ordinatu
1100 2776 1195 2840 conti·

126 2875 228 2941 nuitas.
271 2874 374 2962 itaquo
395 2876 511 2941 numeri
531 2875 654 2964 propria
675 2883 745 2942 sunt
766 2884 928 2965 tempors,-
946 2897 1107 2961 eorumque
1127 2895 1194 2940 snc-

126 2977 232 3057 cessio;
254 2976 456 3065 symmetriae,
477 2977 591 3066 spatia,
612 2997 772 3063 eorumque
794 2978 983 3042 continuitas,
1026 2974 1191 3042 Commune

125 3080 272 3145 amborum
294 3078 367 3146 ordo
391 3087 448 3162 est,
468 3080 519 3165 qui
541 3089 587 3145 est
606 3078 763 3167 dispositio
785 3079 823 3144 ad
845 3076 943 3166 legens
960 3077 1090 3164 aliquam
1106 3077 1197 3144 iacta·

614 3247 649 3334 s.
675 3248 706 3314 3.

206 3384 285 3449 Eam
305 3382 404 3472 legem
428 3404 551 3449 necesse
568 3392 614 3449 est
635 3382 862 3450 obiectivam
884 3404 964 3466 esse,
985 3383 1006 3448 i.
1028 3392 1055 3449 o‘.
1078 3383 1109 3447 in
1130 3383 1198 3472 ipsa

127 3485 327 3575 successionis
349 3493 379 3550 ct
399 3485 604 3551 continuitatis
619 3484 872 3573 naturapositain,
894 3485 962 3572 quia
983 3485 1198 3551 subiectiva

127 3587 192 3671 tex,
216 3588 236 3652 i.
259 3609 286 3655 e.
308 3608 384 3675 quae
406 3609 423 3650 o
445 3608 535 3652 sensu
558 3586 855 3653 animadvertentium
877 3586 1035 3674 penderet,
1058 3587 1197 3673 quoniam

128 3689 183 3754 sibi
202 3711 264 3755 non
285 3696 450 3771 constaret,
471 3710 509 3753 no
531 3688 635 3753 haberi
656 3688 773 3775 quidem
793 3707 849 3776 pro
871 3688 940 3774 tego
962 3695 1073 3776 posset.
1116 3686 1195 3750 Esse

130 3798 225 3857 autem
258 3791 357 3878 legem
387 3791 515 3877 utiquam
541 3790 716 3856 obiectivam
744 3798 775 3855 et
794 3789 911 3854 numeri
939 3798 969 3854 et
996 3787 1198 3875 symmetriae,

131 3912 167 3956 cx
195 3913 233 3958 eo
260 3900 395 3982 oportum
422 3899 485 3974 est,
515 3892 591 3978 quod
624 3913 699 3979 quaa
724 3902 889 3980 temporum
916 3891 1116 3979 spatiorumva
1147 3887 1198 3953 de·

133 3993 252 4082 scriptio
280 3994 394 4059 habeat
408 4015 560 4060 numerum
582 3994 838 4081 symmetriamvc,
868 3992 982 4081 pariter
1008 3998 1110 4057 omncs
1131 3989 1199 4055 sinc

132 4091 265 4163 dissensu
283 4103 393 4178 sponte
413 4095 592 4184 intelligunt.

996 4194 1011 4245 l
