2654 4786
512 395 581 452 urs.
597 396 632 451 ll.
664 395 744 452 CAP.
761 397 819 450 XV.

528 678 665 752 091).
690 680 792 754 XV.

314 851 370 924 lle
404 853 609 925 trimetro
636 851 822 926 iambico
849 853 1011 926 claudo.

599 1068 634 1155 §-
657 1066 729 1136 ιιι.

214 1235 415 1304 Trimeter
436 1235 611 1321 claudus,
632 1260 717 1326 quem
737 1233 887 1317 σκάζοντα
900 1206 1010 1304 Graeci
1032 1245 1141 1315 uocant
1161 1239 1220 1313 alr„

130 1338 319 1429 Hipponacto
352 1337 567 1428 iamlographo
602 1361 709 1406 nomen
742 1341 832 1405 habet
857 1338 1066 1428 Hipponactei.
1121 1337 1202 1405 Eius

129 1440 232 1506 eadem
252 1440 330 1505 ratio
352 1449 415 1523 est,
441 1463 516 1528 quaa
536 1441 682 1507 trochaici
703 1439 818 1524 claudi,
845 1441 882 1508 do
904 1461 960 1528 quo
982 1438 1157 1528 cap.VllI.‚
1178 1438 1200 1506 i.

129 1564 156 1609 e.
179 1541 281 1607 ultima
303 1540 368 1607 eins
391 1540 513 1630 dipodia
534 1563 574 1609 cx
595 1543 759 1632 antispasto
781 1550 908 1626 constat,

229 1640 322 1688 onae

129 1724 191 1792 Sed
224 1726 324 1791 rarior
350 1731 397 1789 est
428 1723 459 1788 in
493 1726 595 1813 priore
623 1725 710 1790 huius
733 1727 890 1816 antispasti
917 1734 1001 1816 parte
1035 1725 1200 1815 spondens,

129 1827 249 1892 multum
276 1825 328 1891 illc
355 1826 392 1891 de
420 1826 570 1913 elegantia
596 1826 712 1892 numeri
733 1826 906 1912 detrahens,
939 1836 970 1894 nt
992 1826 1069 1917 apud
1091 1826 1200 1893 Theo·

128 1928 249 1995 crinon:

212 2025 437 2121 ὅμουσοποιός
458 2022 564 2092 tvndo'
581 2023 736 2106 ‘landent
757 2035 861 2106 κεῖται,
954 2012 958 2023 ¹
1034 2026 1048 2033 ⁰

210 2130 238 2194 εἲ
256 2129 313 2212 μὲν
332 2124 474 2214 πονηρός,
493 2127 537 2212 μὴ
558 2129 758 2219 ποτίρχευ
723 2134 768 2194 τῶ
788 2127 909 2219 τύμβῳ.

126 2231 225 2298 Multo
248 2233 370 2297 suavior
390 2239 437 2296 est
457 2253 548 2320 purus
570 2231 684 2297 iambus
706 2254 743 2297 eo
765 2231 846 2297 loco:

212 2328 254 2407 ὡς
276 2333 305 2397 οἱ
323 2332 380 2415 μὲν
401 2327 470 2416 ἄγεϊ
486 2328 644 2421 Βουπάλῳ
665 2338 854 2416 κατηρῶντο.

126 2432 212 2499 Et
187 2456 233 2499 sic
253 2433 360 2501 Latini
380 2442 504 2523 poetae,
525 2434 576 2520 qui
596 2432 628 2501 in
655 2434 713 2511 hoc
728 2443 834 2515 metro
850 2432 1020 2522 elegantiae
1039 2416 1198 2515 studiosis·

127 2534 196 2601 simi
217 2543 296 2601 snut.

595 2717 732 2829 cm·
851 2816 854 2821 ,
967 2716 1002 2738 ’·

209 2885 434 2977 lambograplri,
455 2906 579 2973 qnorum
599 2888 739 2978 proprius
761 2893 807 2954 est
820 2887 871 2953 hic
886 2908 1001 2971 nemus,
1022 2887 1200 2977 merumque

126 3012 194 3056 enm
222 2989 432 3056 nitidissimum
459 2987 612 3072 focerunt,
643 2990 742 3056 rarius
771 2996 886 3055 utentes
913 2989 1133 3074 solutionibuso'g
1164 2998 1197 3056 ot

126 3091 213 3181 plane
234 3091 417 3156 abstinentes
438 3088 475 3154 ab
497 3099 674 3179 anapaesto,
707 3090 768 3156 nisi
789 3089 866 3179 quod
886 3089 1016 3157 Babrius
1042 3091 1122 3159 huuc
1142 3113 1195 3182 pe·

127 3191 195 3257 dem
215 3190 361 3257 interdum
383 3191 415 3256 in
437 3190 533 3280 prima
554 3190 625 3256 sede
647 3191 781 3258 adscivit.
808 3191 843 3257 ln
860 3193 1035 3282 antispasto,
1056 3195 1107 3280 qui
1127 3193 1195 3260 linit

127 3314 260 3374 versum,
287 3291 398 3358 nnllam
425 3292 545 3358 omnino
568 3291 728 3359 admissam
756 3315 824 3359 esse
850 3294 1027 3359 solutionem
1049 3293 1194 3362 credibile

127 3401 183 3478 est,
204 3392 275 3459 licet
294 3393 478 3459 Heliodorus
500 3393 577 3483 apud
597 3394 787 3460 Prisciaonm
808 3417 836 3484 p.
859 3394 952 3461 1327.
974 3395 1193 3485 Hipponactem

126 3493 219 3561 multa
238 3494 376 3561 licentius
397 3495 508 3560 fecisse
530 3494 623 3561 dicat·
646 3497 704 3562 -sed
736 3516 809 3584 qnos
837 3518 940 3561 versus
968 3497 1033 3562 eins
1060 3497 1094 3563 in
1116 3498 1193 3564 hanc

87 3634 91 3638 -
126 3616 190 3662 rem
210 3595 343 3685 profert,
370 3594 443 3660 de
434 3597 522 3662 riso.
544 3584 743 3662 Lindemann.
773 3598 808 3663 ad
830 3598 930 3667 Prisc.
956 3620 1047 3687 opera
1068 3597 1140 3665 mio.
1162 3621 1192 3688 p.

125 3695 198 3766 391.
222 3703 252 3762 et
272 3717 368 3762 meam
389 3696 546 3786 epistolam
567 3719 596 3814 p.
608 3696 682 3797 398
729 3699 808 3764 Ne
799 3721 830 3764 ιιι
852 3699 955 3786 quarto
977 3700 1094 3789 quidem
1115 3701 1193 3790 pede

125 3797 267 3887 frequens
294 3803 341 3862 est
365 3796 492 3882 solutio,
519 3798 587 3864 nt
575 3820 608 3863 ιιι
640 3799 688 3865 his
714 3800 878 3867 Phoenicis
903 3799 1085 3941 Colophonii
1111 3800 1197 3892 apud·

126 3898 236 3967 Athen.
257 3898 330 3965 ΧΠ.
351 3919 380 3988 p.
401 3895 475 3965 539.
496 3897 585 3964 E.

210 3999 248 4065 od
268 3998 355 4088 παρὰ
374 3998 500 4085 μάγοισι
521 4006 583 4088 πῦρ
604 4000 686 4088 lapda
705 4000 877 4087 ἀνίστησιν.

209 4126 251 4180 ως
270 4100 297 4167 δ
321 4100 505 4169 cinidno‘'
481 4128 580 4190 ωνηρ,
602 4109 676 4170 πᾶσι
695 4105 853 4170 κατέλιπεν
872 4101 971 4192 ῥῆσιν.
