2654 4786
173 396 176 407 ·
220 376 289 431 nra.
307 376 341 429 u.
377 375 456 430 cur.
472 375 568 432 xxiv.
600 375 650 429 nu
666 375 842 432 onustans
858 374 1088 432 nacruurcrs.
1132 357 1196 425 ibt

496 745 631 819 MP.
652 746 823 822 xm.

383 918 441 990 De
468 918 667 992 versibus
695 876 940 1013 dactylicis.

511 1234 514 1239 ἢ
601 1134 727 1221 §.naa

215 1287 412 1375 Dactylici
433 1307 536 1352 versus
558 1309 597 1352 ex
619 1270 772 1354 ordinibus
793 1286 955 1375 periodicis
977 1292 1123 1352 constant.
1156 1286 1197 1353 lit

128 1387 182 1453 alii
211 1388 327 1475 quidem
350 1409 453 1455 eorum
479 1410 534 1477 per
560 1389 710 1477 dipodiam
736 1389 893 1470 incedunt,
926 1387 980 1453 alii
1008 1387 1196 1473 longioribus

128 1488 286 1569 ordinibus
307 1491 468 1555 variantur.
518 1491 588 1555 Non
609 1499 707 1571 autem
727 1490 850 1578 dipodia
870 1490 902 1555 iu
925 1488 1080 1577 dactylicis
1101 1490 1196 1556 uersi·

123 1591 196 1672 bus,
216 1589 271 1654 sed
293 1612 368 1656 unns
389 1591 511 1677 quisque
532 1612 586 1678 pes
608 1602 730 1657 matrum
751 1600 890 1673 vocatur,
918 1590 1124 1678 antiquissima
1144 1613 1197 1680 ap·

126 1690 290 1780 pellatione
312 1702 438 1757 servata.
489 1689 574 1759 Vnde
597 1699 666 1778 quot
680 1692 788 1779 pedes,
809 1700 853 1757 tot
874 1701 969 1757 metra
989 1700 1195 1779 numerosior:
1256 1707 1261 1722 ‘

127 1792 171 1856 ita
199 1798 231 1856 ut
257 1797 428 1858 tetrameter
454 1792 617 1880 dactylicus
648 1814 786 1857 mensura
812 1815 867 1881 par
894 1794 934 1857 sit
966 1792 1092 1866 dimetro
1125 1816 1196 1858 ana·

126 1891 273 1979 paestico.

592 2009 627 2096 8.
659 2008 733 2076 sar.

213 2140 360 2210 Mensura
382 2141 492 2233 dactyli
514 2166 601 2232 quum
623 2167 662 2209 ex
684 2144 800 2245 numeri
819 2142 937 2232 legibus
959 2145 1032 2211 haec
1053 2144 1105 2243 sit,

230 2378 318 2426 έυυ

219 2495 266 2527 W

127 2625 227 2681 temen
255 2613 287 2680 iu
318 2613 468 2703 plerisque
502 2617 636 2682 versibus
670 2614 827 2703 dactylicis
858 2623 968 2682 tantum
1002 2614 1136 2705 dactylus
1168 2625 1199 2684 et

127 2715 279 2806 spondeus
300 2724 494 2805 usurpantur:
524 2718 555 2782 iu
583 2719 740 2807 perpaucis
769 2726 800 2783 et
825 2739 895 2783 raro
918 2718 1196 2807 proceleusmaticus

126 2817 176 2884 vel
197 2824 391 2905 anapaestus:
419 2820 469 2904 qui
497 2819 589 2907 pedes
616 2820 647 2884 in
670 2820 717 2884 bis
738 2825 851 2884 tanturn
878 2818 1033 2906 dactylicis
1061 2817 1197 2885 videntur

127 2919 244 2984 admitti
265 2939 365 3005 posse,
386 2939 508 3006 quorum
532 2920 609 2985 arsis
623 2942 682 2985 nou
699 2920 788 2985 babet
799 2941 964 2985 mensuram
975 2919 1195 2984 irrationalem:

127 3038 157 3086 v.
181 3018 216 3105 ξ.
236 3017 310 3084 285.
359 3019 459 3094 Quare
481 3020 518 3084 ab
539 3019 661 3086 heroico
684 3043 771 3087 versu
794 3029 824 3085 et
844 3026 1027 3108 pentametro
1050 3019 1197 3106 elegiaco,

128 3120 257 3208 aliisque
278 3121 457 3208 generibus,
482 3119 668 3206 logaoediois
698 3122 843 3203 maxime,
871 3121 993 3186 exclusa
1020 3129 1066 3186 est
1087 3118 1195 3186 solutio

127 3242 244 3288 arseos.
287 3220 473 3307 Omninoque
494 3222 568 3286 baec
588 3223 709 3305 solutio,
730 3221 826 3287 sicubi
848 3221 1006 3305 invenitur,
1027 3220 1117 3286 dubia
1131 3223 1197 3286 lere

128 3332 194 3405 est,
214 3323 276 3388 nisi
296 3322 328 3387 in
349 3324 471 3388 nomine
489 3323 629 3411 proprio,
657 3333 689 3388 nt
714 3320 791 3412 apud
821 3320 985 3386 Pindarum
1011 3321 1114 3388 lstbm.
1141 3321 1196 3389 lv.

127 3423 172 3491 rs
193 3423 264 3504 (ur.
284 3422 362 3507 aa).

215 3539 296 3629 i‘poel‘
312 3537 493 3607 Τελεσιάδα.

597 3725 631 3811 s.
656 3723 729 3791 ess.

215 3860 370 3928 Catalexis
391 3860 603 3947 dactylioorum
626 3860 735 3947 duplex
757 3867 819 3942 est,
841 3861 871 3925 iu
895 3858 1144 3947 monosyllabum,
1167 3868 1196 3924 et

125 3965 159 4028 in
184 3962 386 4067 disyllabumr
402 3970 443 4044 nt,
