<?xml version="1.0" encoding="UTF-8"?>
<!DOCTYPE html PUBLIC "-//W3C//DTD XHTML 1.0 Transitional//EN"
    "http://www.w3.org/TR/xhtml1/DTD/xhtml1-transitional.dtd">
<html xmlns="http://www.w3.org/1999/xhtml" xml:lang="en" lang="en">
 <head>
  <title>
</title>
<meta http-equiv="Content-Type" content="text/html;charset=utf-8" />
  <meta name='ocr-system' content='tesseract 3.04.00' />
  <meta name='ocr-capabilities' content='ocr_page ocr_carea ocr_par ocr_line ocrx_word'/>
</head>
<body>
  <div class='ocr_page' id='page_1' title='image "./epitomedoctrina00harmgoog_0305.png"; bbox 0 0 2654 4786; ppageno 0'>
   <div class='ocr_carea' id='block_1_1' title="bbox 131 364 805 440">
    <p class='ocr_par' dir='ltr' id='par_1_1' title="bbox 131 364 805 440">
     <span class='ocr_line' id='line_1_1' title="bbox 131 364 805 440; baseline 0.01 -8"><span class='ocrx_word' id='word_1_1' title='bbox 131 364 192 433; x_wconf 74' lang='lat'><strong>188</strong></span> <span class='ocrx_word' id='word_1_2' title='bbox 522 383 591 438; x_wconf 84' lang='lat' dir='ltr'><strong>um.</strong></span> <span class='ocrx_word' id='word_1_3' title='bbox 608 385 653 437; x_wconf 85' lang='lat' dir='ltr'><strong>ur.</strong></span> <span class='ocrx_word' id='word_1_4' title='bbox 688 383 767 440; x_wconf 81' lang='lat' dir='ltr'><strong>cnr.</strong></span> <span class='ocrx_word' id='word_1_5' title='bbox 785 385 805 440; x_wconf 83' lang='lat'><strong>1.</strong></span> 
     </span>
    </p>
   </div>
   <div class='ocr_carea' id='block_1_2' title="bbox 129 533 420 616">
    <p class='ocr_par' dir='ltr' id='par_1_2' title="bbox 129 533 420 616">
     <span class='ocr_line' id='line_1_2' title="bbox 129 533 420 616; baseline -0.003 -17"><span class='ocrx_word' id='word_1_6' title='bbox 129 533 190 599; x_wconf 88' lang='lat' dir='ltr'><strong>Hic</strong></span> <span class='ocrx_word' id='word_1_7' title='bbox 211 554 281 599; x_wconf 83' lang='lat' dir='ltr'><strong>vcro</strong></span> <span class='ocrx_word' id='word_1_8' title='bbox 304 555 420 616; x_wconf 82' lang='lat' dir='ltr'><strong>versus,</strong></span> 
     </span>
    </p>
   </div>
   <div class='ocr_carea' id='block_1_3' title="bbox 212 664 805 754">
    <p class='ocr_par' dir='ltr' id='par_1_3' title="bbox 212 664 805 754">
     <span class='ocr_line' id='line_1_3' title="bbox 212 664 805 754; baseline 0 -22"><span class='ocrx_word' id='word_1_9' title='bbox 212 667 327 733; x_wconf 72' lang='lat' dir='ltr'><strong>ddnbou&#39;</strong></span> <span class='ocrx_word' id='word_1_10' title='bbox 351 666 427 753; x_wconf 76' lang='grc' dir='ltr'><strong>ἁγνὰ</strong></span> <span class='ocrx_word' id='word_1_11' title='bbox 447 664 647 752; x_wconf 78' lang='grc' dir='ltr'><strong>μειλιχόμειδε</strong></span> <span class='ocrx_word' id='word_1_12' title='bbox 668 672 805 754; x_wconf 81' lang='grc' dir='ltr'><strong><em>Σαπφοῖ,</em></strong></span> 
     </span>
    </p>
   </div>
   <div class='ocr_carea' id='block_1_4' title="bbox 130 802 516 925">
    <p class='ocr_par' dir='ltr' id='par_1_4' title="bbox 130 802 516 925">
     <span class='ocr_line' id='line_1_4' title="bbox 130 802 516 925; baseline -0.003 -23"><span class='ocrx_word' id='word_1_13' title='bbox 130 802 215 925; x_wconf 72' lang='lat' dir='ltr'><strong>ouem</strong></span> <span class='ocrx_word' id='word_1_14' title='bbox 236 836 281 902; x_wconf 89' lang='lat' dir='ltr'><strong>sic</strong></span> <span class='ocrx_word' id='word_1_15' title='bbox 303 836 439 902; x_wconf 87' lang='lat' dir='ltr'><strong>dividunt</strong></span> <span class='ocrx_word' id='word_1_16' title='bbox 459 836 516 919; x_wconf 88' lang='lat' dir='ltr'><strong>iiii,</strong></span> 
     </span>
    </p>
   </div>
   <div class='ocr_carea' id='block_1_5' title="bbox 228 970 594 1041">
    <p class='ocr_par' dir='ltr' id='par_1_5' title="bbox 228 970 594 1041">
     <span class='ocr_line' id='line_1_5' title="bbox 228 970 594 1041; baseline 0.003 -24"><span class='ocrx_word' id='word_1_17' title='bbox 228 970 594 1041; x_wconf 64' lang='grc' dir='ltr'>υέυ-ΙέέυυΙίυ-υ</span> 
     </span>
    </p>
   </div>
   <div class='ocr_carea' id='block_1_6' title="bbox 127 1123 1197 1316">
    <p class='ocr_par' dir='ltr' id='par_1_6' title="bbox 127 1123 1197 1316">
     <span class='ocr_line' id='line_1_6' title="bbox 128 1123 1197 1212; baseline 0 -23"><span class='ocrx_word' id='word_1_18' title='bbox 128 1123 259 1190; x_wconf 84' lang='lat' dir='ltr'><strong>continet</strong></span> <span class='ocrx_word' id='word_1_19' title='bbox 293 1123 410 1210; x_wconf 84' lang='lat' dir='ltr'><strong>quidem</strong></span> <span class='ocrx_word' id='word_1_20' title='bbox 437 1123 589 1212; x_wconf 85' lang='lat' dir='ltr'><strong>oppositos</strong></span> <span class='ocrx_word' id='word_1_21' title='bbox 615 1124 725 1212; x_wconf 85' lang='lat' dir='ltr'><strong>podes,</strong></span> <span class='ocrx_word' id='word_1_22' title='bbox 751 1123 865 1189; x_wconf 84' lang='lat' dir='ltr'><strong>iambos</strong></span> <span class='ocrx_word' id='word_1_23' title='bbox 893 1130 923 1188; x_wconf 86' lang='lat' dir='ltr'><strong>et</strong></span> <span class='ocrx_word' id='word_1_24' title='bbox 950 1123 1128 1207; x_wconf 79' lang='lat' dir='ltr'><strong>trochaeos,</strong></span> <span class='ocrx_word' id='word_1_25' title='bbox 1157 1123 1197 1189; x_wconf 85' lang='lat' dir='ltr'><strong>itn</strong></span> 
     </span>
     <span class='ocr_line' id='line_1_7' title="bbox 127 1225 431 1316; baseline -0.013 -23"><span class='ocrx_word' id='word_1_26' title='bbox 127 1248 233 1316; x_wconf 86' lang='lat' dir='ltr'><strong>nompe</strong></span> <span class='ocrx_word' id='word_1_27' title='bbox 255 1225 431 1306; x_wconf 81' lang='lat' dir='ltr'><strong>metiendus,</strong></span> 
     </span>
    </p>
   </div>
   <div class='ocr_carea' id='block_1_7' title="bbox 228 1358 572 1429">
    <p class='ocr_par' dir='ltr' id='par_1_7' title="bbox 228 1358 572 1429">
     <span class='ocr_line' id='line_1_8' title="bbox 228 1358 572 1429; baseline -0.009 -22"><span class='ocrx_word' id='word_1_28' title='bbox 228 1358 572 1429; x_wconf 67' lang='grc' dir='ltr'><strong>υέυ--Ιέυυ-υ-ῦ</strong></span> 
     </span>
    </p>
   </div>
   <div class='ocr_carea' id='block_1_8' title="bbox 126 1494 1196 2189">
    <p class='ocr_par' dir='ltr' id='par_1_8' title="bbox 126 1494 1196 2189">
     <span class='ocr_line' id='line_1_9' title="bbox 129 1494 1196 1584; baseline 0 -23"><span class='ocrx_word' id='word_1_29' title='bbox 129 1495 182 1561; x_wconf 84' lang='lat' dir='ltr'><strong>scd</strong></span> <span class='ocrx_word' id='word_1_30' title='bbox 211 1495 435 1584; x_wconf 75' lang='lat' dir='ltr'><strong>compositionis</strong></span> <span class='ocrx_word' id='word_1_31' title='bbox 457 1495 574 1560; x_wconf 84' lang='lat' dir='ltr'><strong>rationo</strong></span> <span class='ocrx_word' id='word_1_32' title='bbox 601 1494 676 1560; x_wconf 84' lang='lat' dir='ltr'><strong>nihii</strong></span> <span class='ocrx_word' id='word_1_33' title='bbox 705 1494 808 1560; x_wconf 84' lang='lat' dir='ltr'><strong>diflert</strong></span> <span class='ocrx_word' id='word_1_34' title='bbox 836 1517 853 1560; x_wconf 84' lang='lat' dir='ltr'><strong>o</strong></span> <span class='ocrx_word' id='word_1_35' title='bbox 879 1496 982 1582; x_wconf 82' lang='lat' dir='ltr'><strong>quovis</strong></span> <span class='ocrx_word' id='word_1_36' title='bbox 1009 1494 1071 1560; x_wconf 83' lang='lat' dir='ltr'><strong>alio</strong></span> <span class='ocrx_word' id='word_1_37' title='bbox 1092 1506 1196 1578; x_wconf 86' lang='lat' dir='ltr'><strong>metro,</strong></span> 
     </span>
     <span class='ocr_line' id='line_1_10' title="bbox 128 1596 1195 1685; baseline 0 -24"><span class='ocrx_word' id='word_1_38' title='bbox 128 1597 203 1683; x_wconf 93' lang='lat' dir='ltr'><strong>quod</strong></span> <span class='ocrx_word' id='word_1_39' title='bbox 232 1619 271 1660; x_wconf 85' lang='lat' dir='ltr'><strong>cx</strong></span> <span class='ocrx_word' id='word_1_40' title='bbox 300 1596 427 1660; x_wconf 82' lang='lat' dir='ltr'><strong>divorsis</strong></span> <span class='ocrx_word' id='word_1_41' title='bbox 454 1597 594 1660; x_wconf 89' lang='lat' dir='ltr'><strong>membris</strong></span> <span class='ocrx_word' id='word_1_42' title='bbox 623 1597 743 1662; x_wconf 86' lang='lat' dir='ltr'><strong>eosdem</strong></span> <span class='ocrx_word' id='word_1_43' title='bbox 769 1598 861 1685; x_wconf 83' lang='lat' dir='ltr'><strong>podes</strong></span> <span class='ocrx_word' id='word_1_44' title='bbox 888 1597 1065 1661; x_wconf 81' lang='lat' dir='ltr'><strong>habentibus</strong></span> <span class='ocrx_word' id='word_1_45' title='bbox 1088 1597 1195 1663; x_wconf 82' lang='lat' dir='ltr'><strong>fuctum</strong></span> 
     </span>
     <span class='ocr_line' id='line_1_11' title="bbox 127 1697 1193 1784; baseline -0.001 -22"><span class='ocrx_word' id='word_1_46' title='bbox 127 1698 175 1762; x_wconf 87' lang='lat' dir='ltr'><strong>sit.</strong></span> <span class='ocrx_word' id='word_1_47' title='bbox 198 1697 246 1760; x_wconf 84' lang='lat' dir='ltr'><strong>Ex</strong></span> <span class='ocrx_word' id='word_1_48' title='bbox 259 1718 315 1782; x_wconf 89' lang='lat' dir='ltr'><strong>quo</strong></span> <span class='ocrx_word' id='word_1_49' title='bbox 338 1706 471 1784; x_wconf 79' lang='lat' dir='ltr'><strong>apparet,</strong></span> <span class='ocrx_word' id='word_1_50' title='bbox 493 1698 596 1762; x_wconf 85' lang='lat' dir='ltr'><strong>inutile</strong></span> <span class='ocrx_word' id='word_1_51' title='bbox 618 1707 813 1763; x_wconf 81' lang='lat' dir='ltr'><strong>commentum</strong></span> <span class='ocrx_word' id='word_1_52' title='bbox 835 1720 903 1763; x_wconf 86' lang='lat' dir='ltr'><strong>csso</strong></span> <span class='ocrx_word' id='word_1_53' title='bbox 923 1698 1020 1780; x_wconf 69' lang='grc' dir='ltr'><strong><em>μίξεις</em></strong></span> <span class='ocrx_word' id='word_1_54' title='bbox 1040 1697 1110 1764; x_wconf 79' lang='lat' dir='ltr'><strong>iilos</strong></span> <span class='ocrx_word' id='word_1_55' title='bbox 1132 1697 1193 1762; x_wconf 79' lang='grc' dir='ltr'><strong>κατ’</strong></span> 
     </span>
     <span class='ocr_line' id='line_1_12' title="bbox 127 1794 1195 1881; baseline 0.002 -19"><span class='ocrx_word' id='word_1_56' title='bbox 127 1794 338 1872; x_wconf 71' lang='grc' dir='ltr'><strong>ἃντιπάθειαν,</strong></span> <span class='ocrx_word' id='word_1_57' title='bbox 360 1798 410 1862; x_wconf 93' lang='lat' dir='ltr'><strong>ubi</strong></span> <span class='ocrx_word' id='word_1_58' title='bbox 432 1797 586 1863; x_wconf 85' lang='lat' dir='ltr'><strong>ordinibus</strong></span> <span class='ocrx_word' id='word_1_59' title='bbox 608 1800 670 1864; x_wconf 91' lang='lat' dir='ltr'><strong>suis</strong></span> <span class='ocrx_word' id='word_1_60' title='bbox 693 1821 796 1865; x_wconf 88' lang='lat' dir='ltr'><strong>versus</strong></span> <span class='ocrx_word' id='word_1_61' title='bbox 807 1801 942 1881; x_wconf 82' lang='lat' dir='ltr'><strong>motiano,</strong></span> <span class='ocrx_word' id='word_1_62' title='bbox 963 1821 1025 1865; x_wconf 91' lang='lat' dir='ltr'><strong>uon</strong></span> <span class='ocrx_word' id='word_1_63' title='bbox 1036 1801 1195 1867; x_wconf 79' lang='lat' dir='ltr'><strong>arbitrario</strong></span> 
     </span>
     <span class='ocr_line' id='line_1_13' title="bbox 126 1897 1196 1989; baseline 0.002 -25"><span class='ocrx_word' id='word_1_64' title='bbox 126 1901 246 1964; x_wconf 86' lang='lat' dir='ltr'><strong>iuvouto</strong></span> <span class='ocrx_word' id='word_1_65' title='bbox 269 1897 462 1986; x_wconf 85' lang='lat' dir='ltr'><strong>dipodinrnm.</strong></span> <span class='ocrx_word' id='word_1_66' title='bbox 504 1899 548 1962; x_wconf 80' lang='lat' dir='ltr'><strong>m</strong></span> <span class='ocrx_word' id='word_1_67' title='bbox 569 1899 658 1964; x_wconf 83' lang='lat' dir='ltr'><strong>otium</strong></span> <span class='ocrx_word' id='word_1_68' title='bbox 679 1922 816 1967; x_wconf 71' lang='lat' dir='ltr'><strong>vmsuum</strong></span> <span class='ocrx_word' id='word_1_69' title='bbox 837 1907 1149 1989; x_wconf 81' lang='lat' dir='ltr'><strong>usynartotorum</strong></span> <span class='ocrx_word' id='word_1_70' title='bbox 1168 1911 1196 1965; x_wconf 78' lang='lat' dir='ltr'><strong>ot</strong></span> 
     </span>
     <span class='ocr_line' id='line_1_14' title="bbox 126 2000 1195 2089; baseline 0.001 -24"><span class='ocrx_word' id='word_1_71' title='bbox 126 2000 552 2089; x_wconf 82' lang='lat' dir='ltr'><strong>polyscbcmntistorum</strong></span> <span class='ocrx_word' id='word_1_72' title='bbox 574 2000 788 2089; x_wconf 79' lang='lat' dir='ltr'><strong>appellationes</strong></span> <span class='ocrx_word' id='word_1_73' title='bbox 816 2002 885 2067; x_wconf 82' lang='lat' dir='ltr'><strong>otiis</strong></span> <span class='ocrx_word' id='word_1_74' title='bbox 905 2001 1132 2068; x_wconf 82' lang='lat' dir='ltr'><strong>definitionibus</strong></span> <span class='ocrx_word' id='word_1_75' title='bbox 1152 2001 1195 2067; x_wconf 92' lang='lat' dir='ltr'><strong>in·</strong></span> 
     </span>
     <span class='ocr_line' id='line_1_15' title="bbox 126 2100 867 2189; baseline 0.001 -22"><span class='ocrx_word' id='word_1_76' title='bbox 126 2101 241 2189; x_wconf 81' lang='lat' dir='ltr'><strong>digent,</strong></span> <span class='ocrx_word' id='word_1_77' title='bbox 262 2123 348 2187; x_wconf 84' lang='lat' dir='ltr'><strong>quarn</strong></span> <span class='ocrx_word' id='word_1_78' title='bbox 370 2124 444 2188; x_wconf 81' lang='lat' dir='ltr'><strong>quac</strong></span> <span class='ocrx_word' id='word_1_79' title='bbox 466 2101 638 2167; x_wconf 77' lang='lat' dir='ltr'><strong>auctricis</strong></span> <span class='ocrx_word' id='word_1_80' title='bbox 660 2100 769 2168; x_wconf 78' lang='lat' dir='ltr'><strong>aliatus</strong></span> <span class='ocrx_word' id='word_1_81' title='bbox 790 2112 867 2168; x_wconf 86' lang='lat' dir='ltr'><strong>sunt.</strong></span> 
     </span>
    </p>
   </div>
   <div class='ocr_carea' id='block_1_9' title="bbox 592 2336 727 2425">
    <p class='ocr_par' dir='ltr' id='par_1_9' title="bbox 592 2336 727 2425">
     <span class='ocr_line' id='line_1_16' title="bbox 592 2336 727 2425; baseline -0.015 -20"><span class='ocrx_word' id='word_1_82' title='bbox 592 2338 626 2425; x_wconf 75' lang='lat'><strong>§-</strong></span> <span class='ocrx_word' id='word_1_83' title='bbox 654 2336 727 2404; x_wconf 75' lang='lat' dir='ltr'><strong>osc.</strong></span> 
     </span>
    </p>
   </div>
   <div class='ocr_carea' id='block_1_10' title="bbox 125 2505 1196 2998">
    <p class='ocr_par' dir='ltr' id='par_1_10' title="bbox 125 2505 1196 2998">
     <span class='ocr_line' id='line_1_17' title="bbox 211 2505 1195 2594; baseline 0.004 -26"><span class='ocrx_word' id='word_1_84' title='bbox 211 2505 277 2569; x_wconf 89' lang='lat' dir='ltr'><strong>Nos</strong></span> <span class='ocrx_word' id='word_1_85' title='bbox 300 2514 393 2569; x_wconf 80' lang='lat' dir='ltr'><strong>metro</strong></span> <span class='ocrx_word' id='word_1_86' title='bbox 415 2528 461 2589; x_wconf 81' lang='lat' dir='ltr'><strong>ea,</strong></span> <span class='ocrx_word' id='word_1_87' title='bbox 484 2528 558 2592; x_wconf 80' lang='lat' dir='ltr'><strong>quoe</strong></span> <span class='ocrx_word' id='word_1_88' title='bbox 580 2528 639 2572; x_wconf 93' lang='lat' dir='ltr'><strong>non</strong></span> <span class='ocrx_word' id='word_1_89' title='bbox 661 2515 730 2571; x_wconf 83' lang='lat' dir='ltr'><strong>sunt</strong></span> <span class='ocrx_word' id='word_1_90' title='bbox 750 2506 960 2594; x_wconf 82' lang='lat' dir='ltr'><strong>simplicis,</strong></span> <span class='ocrx_word' id='word_1_91' title='bbox 983 2505 1195 2580; x_wconf 86' lang='lat' dir='ltr'><strong>dividimusiu</strong></span> 
     </span>
     <span class='ocr_line' id='line_1_18' title="bbox 125 2607 1195 2696; baseline 0.003 -25"><span class='ocrx_word' id='word_1_92' title='bbox 125 2628 229 2671; x_wconf 88' lang='lat' dir='ltr'><strong>versus</strong></span> <span class='ocrx_word' id='word_1_93' title='bbox 252 2609 389 2672; x_wconf 85' lang='lat' dir='ltr'><strong>mixtos</strong></span> <span class='ocrx_word' id='word_1_94' title='bbox 412 2619 442 2671; x_wconf 85' lang='lat' dir='ltr'><strong>ot</strong></span> <span class='ocrx_word' id='word_1_95' title='bbox 463 2608 703 2696; x_wconf 87' lang='lat' dir='ltr'><strong>compositos.</strong></span> <span class='ocrx_word' id='word_1_96' title='bbox 738 2607 855 2672; x_wconf 81' lang='lat' dir='ltr'><strong>Miuti</strong></span> <span class='ocrx_word' id='word_1_97' title='bbox 877 2618 946 2673; x_wconf 87' lang='lat' dir='ltr'><strong>sunt</strong></span> <span class='ocrx_word' id='word_1_98' title='bbox 967 2609 1016 2694; x_wconf 92' lang='lat' dir='ltr'><strong>qui</strong></span> <span class='ocrx_word' id='word_1_99' title='bbox 1038 2631 1079 2674; x_wconf 85' lang='lat' dir='ltr'><strong>cx</strong></span> <span class='ocrx_word' id='word_1_100' title='bbox 1101 2609 1195 2674; x_wconf 67' lang='lat' dir='ltr'><strong>divom</strong></span> 
     </span>
     <span class='ocr_line' id='line_1_19' title="bbox 126 2708 1195 2798; baseline 0.001 -26"><span class='ocrx_word' id='word_1_101' title='bbox 126 2709 170 2773; x_wconf 93' lang='lat' dir='ltr'><strong>sis</strong></span> <span class='ocrx_word' id='word_1_102' title='bbox 191 2709 322 2772; x_wconf 89' lang='lat' dir='ltr'><strong>numeris</strong></span> <span class='ocrx_word' id='word_1_103' title='bbox 343 2708 373 2771; x_wconf 96' lang='lat' dir='ltr'><strong>in</strong></span> <span class='ocrx_word' id='word_1_104' title='bbox 396 2731 485 2773; x_wconf 92' lang='lat' dir='ltr'><strong>unum</strong></span> <span class='ocrx_word' id='word_1_105' title='bbox 508 2710 641 2775; x_wconf 80' lang='lat' dir='ltr'><strong>contusis</strong></span> <span class='ocrx_word' id='word_1_106' title='bbox 663 2717 814 2790; x_wconf 80' lang='lat' dir='ltr'><strong>constant3</strong></span> <span class='ocrx_word' id='word_1_107' title='bbox 838 2710 1057 2798; x_wconf 86' lang='lat' dir='ltr'><strong>compositi,</strong></span> <span class='ocrx_word' id='word_1_108' title='bbox 1079 2710 1113 2775; x_wconf 93' lang='lat' dir='ltr'><strong>in</strong></span> <span class='ocrx_word' id='word_1_109' title='bbox 1135 2709 1195 2798; x_wconf 88' lang='lat' dir='ltr'><strong>qui·</strong></span> 
     </span>
     <span class='ocr_line' id='line_1_20' title="bbox 127 2808 1196 2900; baseline 0.004 -26"><span class='ocrx_word' id='word_1_110' title='bbox 127 2811 180 2874; x_wconf 90' lang='lat' dir='ltr'><strong>bus</strong></span> <span class='ocrx_word' id='word_1_111' title='bbox 202 2808 302 2898; x_wconf 82' lang='lat' dir='ltr'><strong>piures</strong></span> <span class='ocrx_word' id='word_1_112' title='bbox 324 2810 439 2875; x_wconf 81' lang='lat' dir='ltr'><strong>numeri</strong></span> <span class='ocrx_word' id='word_1_113' title='bbox 460 2810 504 2876; x_wconf 79' lang='lat' dir='ltr'><strong>ita</strong></span> <span class='ocrx_word' id='word_1_114' title='bbox 525 2819 593 2876; x_wconf 92' lang='lat' dir='ltr'><strong>sunt</strong></span> <span class='ocrx_word' id='word_1_115' title='bbox 615 2811 753 2900; x_wconf 79' lang='lat' dir='ltr'><strong>copulati,</strong></span> <span class='ocrx_word' id='word_1_116' title='bbox 776 2822 807 2877; x_wconf 90' lang='lat' dir='ltr'><strong>ut</strong></span> <span class='ocrx_word' id='word_1_117' title='bbox 828 2811 955 2878; x_wconf 84' lang='lat' dir='ltr'><strong>seorsim</strong></span> <span class='ocrx_word' id='word_1_118' title='bbox 976 2811 1053 2878; x_wconf 77' lang='lat' dir='ltr'><strong>altor</strong></span> <span class='ocrx_word' id='word_1_119' title='bbox 1071 2811 1196 2879; x_wconf 81' lang='lat' dir='ltr'><strong>sitorum</strong></span> 
     </span>
     <span class='ocr_line' id='line_1_21' title="bbox 126 2921 280 2998; baseline 0.006 -22"><span class='ocrx_word' id='word_1_120' title='bbox 126 2921 280 2998; x_wconf 81' lang='lat' dir='ltr'><strong>sequatur.</strong></span> 
     </span>
    </p>
   </div>
   <div class='ocr_carea' id='block_1_11' title="bbox 595 3095 726 3184">
    <p class='ocr_par' dir='ltr' id='par_1_11' title="bbox 595 3095 726 3184">
     <span class='ocr_line' id='line_1_22' title="bbox 595 3095 726 3184; baseline 0.015 -21"><span class='ocrx_word' id='word_1_121' title='bbox 595 3097 630 3184; x_wconf 76' lang='lat'><strong>§-</strong></span> <span class='ocrx_word' id='word_1_122' title='bbox 652 3095 726 3166; x_wconf 76' lang='lat' dir='ltr'><strong>rso.</strong></span> 
     </span>
    </p>
   </div>
   <div class='ocr_carea' id='block_1_12' title="bbox 81 3264 1197 4164">
    <p class='ocr_par' dir='ltr' id='par_1_12' title="bbox 81 3264 1197 4164">
     <span class='ocr_line' id='line_1_23' title="bbox 210 3264 1197 3356; baseline 0.005 -28"><span class='ocrx_word' id='word_1_123' title='bbox 210 3264 350 3332; x_wconf 80' lang='lat' dir='ltr'><strong>Miutio</strong></span> <span class='ocrx_word' id='word_1_124' title='bbox 374 3265 482 3355; x_wconf 81' lang='lat' dir='ltr'>duplex</span> <span class='ocrx_word' id='word_1_125' title='bbox 504 3273 559 3333; x_wconf 83' lang='lat' dir='ltr'><strong>cst.</strong></span> <span class='ocrx_word' id='word_1_126' title='bbox 592 3267 668 3332; x_wconf 86' lang='lat' dir='ltr'><strong>Nom</strong></span> <span class='ocrx_word' id='word_1_127' title='bbox 692 3275 742 3332; x_wconf 82' lang='lat' dir='ltr'><strong>out</strong></span> <span class='ocrx_word' id='word_1_128' title='bbox 764 3267 863 3356; x_wconf 87' lang='lat' dir='ltr'><strong>piures</strong></span> <span class='ocrx_word' id='word_1_129' title='bbox 885 3267 1000 3355; x_wconf 81' lang='lat' dir='ltr'><strong>numeri</strong></span> <span class='ocrx_word' id='word_1_130' title='bbox 1022 3265 1104 3332; x_wconf 88' lang='lat' dir='ltr'><strong>vices</strong></span> <span class='ocrx_word' id='word_1_131' title='bbox 1127 3289 1197 3332; x_wconf 84' lang='lat' dir='ltr'><strong>suns</strong></span> 
     </span>
     <span class='ocr_line' id='line_1_24' title="bbox 127 3368 1197 3457; baseline 0.003 -27"><span class='ocrx_word' id='word_1_132' title='bbox 127 3372 314 3448; x_wconf 82' lang='lat' dir='ltr'><strong>commutant,</strong></span> <span class='ocrx_word' id='word_1_133' title='bbox 338 3377 369 3432; x_wconf 90' lang='lat' dir='ltr'><strong>ut</strong></span> <span class='ocrx_word' id='word_1_134' title='bbox 389 3369 465 3433; x_wconf 84' lang='lat' dir='ltr'><strong>niter</strong></span> <span class='ocrx_word' id='word_1_135' title='bbox 485 3391 540 3457; x_wconf 89' lang='lat' dir='ltr'><strong>pro</strong></span> <span class='ocrx_word' id='word_1_136' title='bbox 562 3369 656 3433; x_wconf 79' lang='lat' dir='ltr'><strong>altero</strong></span> <span class='ocrx_word' id='word_1_137' title='bbox 678 3377 819 3456; x_wconf 83' lang='lat' dir='ltr'><strong>ponatur:</strong></span> <span class='ocrx_word' id='word_1_138' title='bbox 850 3391 970 3456; x_wconf 89' lang='lat' dir='ltr'><strong>quorum</strong></span> <span class='ocrx_word' id='word_1_139' title='bbox 995 3368 1051 3432; x_wconf 82' lang='lat' dir='ltr'><strong>etsi</strong></span> <span class='ocrx_word' id='word_1_140' title='bbox 1074 3369 1197 3456; x_wconf 86' lang='lat' dir='ltr'><strong>quisque</strong></span> 
     </span>
     <span class='ocr_line' id='line_1_25' title="bbox 81 3467 1197 3557; baseline 0.004 -26"><span class='ocrx_word' id='word_1_141' title='bbox 81 3493 89 3506; x_wconf 68' lang='lat'><strong><em>¹</em></strong></span> <span class='ocrx_word' id='word_1_142' title='bbox 126 3489 180 3556; x_wconf 88' lang='lat' dir='ltr'><strong>per</strong></span> <span class='ocrx_word' id='word_1_143' title='bbox 201 3489 235 3532; x_wconf 83' lang='lat' dir='ltr'><strong>sc</strong></span> <span class='ocrx_word' id='word_1_144' title='bbox 257 3467 385 3555; x_wconf 81' lang='lat' dir='ltr'><strong>simplex</strong></span> <span class='ocrx_word' id='word_1_145' title='bbox 407 3478 462 3551; x_wconf 87' lang='lat' dir='ltr'><strong>est,</strong></span> <span class='ocrx_word' id='word_1_146' title='bbox 485 3479 581 3534; x_wconf 85' lang='lat' dir='ltr'><strong>tumen</strong></span> <span class='ocrx_word' id='word_1_147' title='bbox 604 3471 653 3557; x_wconf 90' lang='lat' dir='ltr'><strong>qui</strong></span> <span class='ocrx_word' id='word_1_148' title='bbox 676 3493 715 3534; x_wconf 83' lang='lat' dir='ltr'><strong>ox</strong></span> <span class='ocrx_word' id='word_1_149' title='bbox 737 3473 877 3537; x_wconf 79' lang='lat' dir='ltr'><strong>ambobus</strong></span> <span class='ocrx_word' id='word_1_150' title='bbox 890 3471 1035 3536; x_wconf 79' lang='lat' dir='ltr'><strong>conflatur</strong></span> <span class='ocrx_word' id='word_1_151' title='bbox 1045 3491 1197 3552; x_wconf 81' lang='lat' dir='ltr'><strong>numerus,</strong></span> 
     </span>
     <span class='ocr_line' id='line_1_26' title="bbox 127 3569 1197 3659; baseline 0.005 -27"><span class='ocrx_word' id='word_1_152' title='bbox 127 3569 195 3655; x_wconf 84' lang='lat' dir='ltr'><strong>quin</strong></span> <span class='ocrx_word' id='word_1_153' title='bbox 216 3591 311 3654; x_wconf 83' lang='lat' dir='ltr'><strong>nequo</strong></span> <span class='ocrx_word' id='word_1_154' title='bbox 333 3569 398 3652; x_wconf 87' lang='lat' dir='ltr'><strong>bic,</strong></span> <span class='ocrx_word' id='word_1_155' title='bbox 421 3592 517 3655; x_wconf 85' lang='lat' dir='ltr'><strong>nequo</strong></span> <span class='ocrx_word' id='word_1_156' title='bbox 537 3571 601 3653; x_wconf 86' lang='lat' dir='ltr'><strong>iiio,</strong></span> <span class='ocrx_word' id='word_1_157' title='bbox 623 3571 675 3637; x_wconf 87' lang='lat' dir='ltr'><strong>sod</strong></span> <span class='ocrx_word' id='word_1_158' title='bbox 698 3572 913 3638; x_wconf 82' lang='lat' dir='ltr'><strong>commutabilis</strong></span> <span class='ocrx_word' id='word_1_159' title='bbox 936 3572 1063 3659; x_wconf 85' lang='lat' dir='ltr'><strong>quidam,</strong></span> <span class='ocrx_word' id='word_1_160' title='bbox 1087 3579 1197 3637; x_wconf 93' lang='lat' dir='ltr'><strong>utrum·</strong></span> 
     </span>
     <span class='ocr_line' id='line_1_27' title="bbox 127 3669 1196 3762; baseline 0.003 -28"><span class='ocrx_word' id='word_1_161' title='bbox 127 3693 182 3756; x_wconf 87' lang='lat' dir='ltr'><strong>quo</strong></span> <span class='ocrx_word' id='word_1_162' title='bbox 204 3669 236 3735; x_wconf 91' lang='lat' dir='ltr'><strong>iu</strong></span> <span class='ocrx_word' id='word_1_163' title='bbox 258 3692 292 3734; x_wconf 83' lang='lat' dir='ltr'><strong>sc</strong></span> <span class='ocrx_word' id='word_1_164' title='bbox 315 3670 585 3758; x_wconf 84' lang='lat' dir='ltr'><strong>comprehendens,</strong></span> <span class='ocrx_word' id='word_1_165' title='bbox 614 3689 678 3758; x_wconf 85' lang='lat' dir='ltr'><strong>est,</strong></span> <span class='ocrx_word' id='word_1_166' title='bbox 706 3697 764 3740; x_wconf 91' lang='lat' dir='ltr'><strong>nou</strong></span> <span class='ocrx_word' id='word_1_167' title='bbox 793 3682 890 3762; x_wconf 82' lang='lat' dir='ltr'><strong>potest</strong></span> <span class='ocrx_word' id='word_1_168' title='bbox 906 3695 972 3737; x_wconf 52' lang='lat' dir='ltr'><strong>‘noc</strong></span> <span class='ocrx_word' id='word_1_169' title='bbox 1000 3673 1196 3760; x_wconf 86' lang='lat' dir='ltr'><strong>simplicibus,</strong></span> 
     </span>
     <span class='ocr_line' id='line_1_28' title="bbox 126 3772 1195 3862; baseline 0 -25"><span class='ocrx_word' id='word_1_170' title='bbox 126 3794 221 3858; x_wconf 84' lang='lat' dir='ltr'><strong>nequo</strong></span> <span class='ocrx_word' id='word_1_171' title='bbox 243 3773 416 3861; x_wconf 86' lang='lat' dir='ltr'><strong>compositis</strong></span> <span class='ocrx_word' id='word_1_172' title='bbox 438 3772 636 3838; x_wconf 79' lang='lat' dir='ltr'><strong>adnumerari.</strong></span> <span class='ocrx_word' id='word_1_173' title='bbox 690 3775 734 3839; x_wconf 90' lang='lat' dir='ltr'><strong>Hi</strong></span> <span class='ocrx_word' id='word_1_174' title='bbox 761 3784 830 3839; x_wconf 85' lang='lat' dir='ltr'><strong>sunt</strong></span> <span class='ocrx_word' id='word_1_175' title='bbox 850 3773 1195 3862; x_wconf 81' lang='lat' dir='ltr'><strong>polyscbomotisti.</strong></span> 
     </span>
     <span class='ocr_line' id='line_1_29' title="bbox 127 3868 1196 3961; baseline -0.001 -23"><span class='ocrx_word' id='word_1_176' title='bbox 127 3874 234 3939; x_wconf 78' lang='lat' dir='ltr'><strong>Altera</strong></span> <span class='ocrx_word' id='word_1_177' title='bbox 255 3868 409 3940; x_wconf 84' lang='lat' dir='ltr'><strong>mixtionis</strong></span> <span class='ocrx_word' id='word_1_178' title='bbox 431 3874 508 3938; x_wconf 78' lang='lat' dir='ltr'><strong>ratio</strong></span> <span class='ocrx_word' id='word_1_179' title='bbox 532 3893 591 3956; x_wconf 83' lang='lat' dir='ltr'><strong>osc,</strong></span> <span class='ocrx_word' id='word_1_180' title='bbox 619 3897 705 3961; x_wconf 89' lang='lat' dir='ltr'><strong>quum</strong></span> <span class='ocrx_word' id='word_1_181' title='bbox 733 3876 845 3940; x_wconf 84' lang='lat' dir='ltr'><strong>divorsi</strong></span> <span class='ocrx_word' id='word_1_182' title='bbox 869 3875 986 3940; x_wconf 84' lang='lat' dir='ltr'><strong>numeri</strong></span> <span class='ocrx_word' id='word_1_183' title='bbox 1009 3896 1067 3940; x_wconf 95' lang='lat' dir='ltr'><strong>uno</strong></span> <span class='ocrx_word' id='word_1_184' title='bbox 1089 3875 1196 3941; x_wconf 88' lang='lat' dir='ltr'><strong>ordino</strong></span> 
     </span>
     <span class='ocr_line' id='line_1_30' title="bbox 127 3975 1195 4065; baseline 0 -25"><span class='ocrx_word' id='word_1_185' title='bbox 127 3975 296 4058; x_wconf 76' lang='lat' dir='ltr'><strong>cobserent,</strong></span> <span class='ocrx_word' id='word_1_186' title='bbox 319 3998 403 4062; x_wconf 77' lang='lat' dir='ltr'><strong>quoS,</strong></span> <span class='ocrx_word' id='word_1_187' title='bbox 425 3975 450 4039; x_wconf 88' lang='lat' dir='ltr'><strong>si</strong></span> <span class='ocrx_word' id='word_1_188' title='bbox 465 3975 573 4041; x_wconf 81' lang='lat' dir='ltr'><strong>sortior</strong></span> <span class='ocrx_word' id='word_1_189' title='bbox 591 3975 765 4042; x_wconf 80' lang='lat' dir='ltr'><strong>debiliorem</strong></span> <span class='ocrx_word' id='word_1_190' title='bbox 777 3976 937 4065; x_wconf 79' lang='lat' dir='ltr'><strong>praecedit,</strong></span> <span class='ocrx_word' id='word_1_191' title='bbox 958 3975 1195 4056; x_wconf 82' lang='lat' dir='ltr'><strong>imminutos,</strong></span> 
     </span>
     <span class='ocr_line' id='line_1_31' title="bbox 127 4077 1195 4164; baseline 0.005 -24"><span class='ocrx_word' id='word_1_192' title='bbox 127 4077 153 4141; x_wconf 90' lang='lat' dir='ltr'><strong>si</strong></span> <span class='ocrx_word' id='word_1_193' title='bbox 176 4078 303 4144; x_wconf 82' lang='lat' dir='ltr'><strong>debilior</strong></span> <span class='ocrx_word' id='word_1_194' title='bbox 325 4078 492 4162; x_wconf 84' lang='lat' dir='ltr'><strong>fortiorem,</strong></span> <span class='ocrx_word' id='word_1_195' title='bbox 515 4084 713 4144; x_wconf 86' lang='lat' dir='ltr'><strong>concretos</strong></span> <span class='ocrx_word' id='word_1_196' title='bbox 736 4100 882 4146; x_wconf 80' lang='lat' dir='ltr'><strong>vocamus.</strong></span> <span class='ocrx_word' id='word_1_197' title='bbox 916 4077 994 4148; x_wconf 86' lang='lat' dir='ltr'><strong>Vide</strong></span> <span class='ocrx_word' id='word_1_198' title='bbox 1005 4077 1066 4164; x_wconf 70' lang='lat'><strong>§§</strong></span> <span class='ocrx_word' id='word_1_199' title='bbox 1078 4077 1132 4147; x_wconf 84' lang='lat'><strong>20.</strong></span> <span class='ocrx_word' id='word_1_200' title='bbox 1143 4077 1195 4145; x_wconf 88' lang='lat'><strong>21.</strong></span> 
     </span>
    </p>
   </div>
   <div class='ocr_carea' id='block_1_13' title="bbox 0 0 1332 4786">
    <p class='ocr_par' dir='ltr' id='par_1_13' title="bbox 0 0 1332 4786">
     <span class='ocr_line' id='line_1_32' title="bbox 0 0 1332 4786; baseline 0 0"><span class='ocrx_word' id='word_1_201' title='bbox 0 0 1332 4786; x_wconf 95' lang='lat' dir='ltr'><strong> </strong></span> 
     </span>
    </p>
   </div>
  </div>
 </body>
</html>
