2654 4786
412 392 417 401 '
488 379 557 433 ΠΒ.
575 379 627 434 nt.-
655 376 733 434 ΟΔΡ.
750 376 821 431 ΧΙΧ.
884 390 888 399 ·

601 530 636 616 s.
656 530 730 596 ooo.

216 663 499 743 Σνστηματικὰ
528 674 625 730 antem
656 665 699 729 ita
727 660 914 743 dividuntur,
946 666 979 725 ut
1009 660 1071 725 alia
1103 659 1196 724 κατὰ

131 760 275 844 σχέσιν,
298 762 357 828 aiio
378 756 659 846 ἀπολελνῇνὲνα,
680 756 742 830 alia
761 758 924 849 μέτρικα
945 758 1107 842 ἄτακτα,
1142 761 1199 828 alia

132 865 170 940 ἐξ
192 859 353 945 ὁμοίων,
381 865 441 930 aiia
466 866 581 947 prusti
603 858 886 948 συστηματικᾶ,
920 862 980 929 alia
1001 859 1111 928 κοινὰ
1132 887 1198 929 συ-

131 965 344 1048 στηματικά
366 988 433 1031 esse
455 967 599 1033 dicantur.
642 966 726 1042 Quae
748 966 822 1032 satis
842 987 936 1053 prava
956 965 1079 1054 partitio
1102 974 1157 1031 est

603 1150 637 1237 s.
660 1148 732 1217 not.
788 1167 789 1170 κ

216 1285 257 1352 Et
284 1286 384 1357 κατὰ
410 1287 546 1370 σχέσιν
566 1294 725 1368 vocantur,
753 1285 828 1372 qn'ae
856 1285 1067 1376 responsiones
1094 1293 1127 1352 et
1146 1285 1198 1351 ite-

133 1387 265 1454 rationes
287 1387 405 1455 habent.

602 1538 637 1624 s.
658 1538 731 1605 osu.

209 1673 493 1754 Ἀπολελνμένα
521 1674 667 1757 dicuntur,
691 1696 785 1761 qnae,
815 1679 904 1762 prout
924 1673 1040 1738 libitum
1063 1681 1110 1739 est
1130 1695 1196 1763 poe·

131 1783 190 1856 tae,
212 1773 277 1839 sine
299 1781 381 1840 certa
402 1775 470 1863 iege
492 1776 666 1842 conduntur.
710 1774 759 1840 De
779 1775 827 1840 his
849 1775 930 1840 insra
952 1797 1015 1864 cap.
1026 1773 1126 1845 XXV.
1149 1797 1198 1840 ex·

130 1875 296 1963 plicabitur.

597 2027 632 2113 s.
654 2024 727 2093 oso.

217 2161 393 2247 Μετρικὰ
415 2159 564 2226 ἄτακτα
586 2172 669 2245 sunt,
697 2184 772 2249 qnae
805 2184 844 2227 ex
866 2162 955 2227 nentis
978 2161 1115 2248 quidem,
1148 2163 1198 2228 sed

131 2262 241 2328 diversi
272 2263 394 2350 generis
420 2264 556 2328 versibus
585 2272 696 2330 temere
723 2264 825 2329 mixtis
853 2270 1007 2329 constante
1035 2264 1198 2330 cuiusmodi

131 2363 296 2452 exemplum
318 2364 447 2429 afferunt
468 2365 526 2430 hoo
547 2364 726 2430 Simonidis:

208 2495 336 2580 Ἴσθμια
359 2500 415 2575 δίς,
436 2499 544 2589 Νεμέᾳ
565 2499 621 2575 δίς,
638 2497 794 2588 Ὀλυμπίᾳ
815 2494 1046 2584 ἐστεφανώθην,

283 2599 319 2663 οὗ
341 2598 450 2665 uitiosi
466 2606 556 2667 νικῶν
578 2595 730 2681 σώματος,
752 2599 832 2664 ἀλλὰ
852 2602 952 2694 τέχνα,

222 2756 224 2761 .
329 2697 564 2786 Ἀριστόδαμος
588 2698 745 2786 Θράσιδος
769 2701 897 2778 Ἀλεΐσς
918 2698 1012 2792 neiipu

130 2835 300 2924 Dicnntque
326 2837 383 2902 hoc
412 2838 500 2903 modo
525 2837 696 2924 Margiten,
728 2839 778 2925 qui
804 2838 937 2904 Homero
964 2837 1200 2921 adscribebantur,

130 2937 226 3003 fnisse
247 2939 450 3032 compositum.
500 2938 569 3003 Hoc
594 2944 688 3004 totum
716 2958 812 3026 genus
833 2961 894 3005 non
916 2939 953 3005 ad
975 2938 1200 3024 συστηματικᾶ,

131 3039 184 3104 sed
205 3040 244 3106 ati
265 3040 397 3107 earmina
418 3039 515 3103 κατὰ
535 3041 668 3122 στίχον
689 3041 801 3128 scripta
822 3040 933 3107 referri
954 3041 1092 3110 debehat.

606 3226 641 3312 p.
663 3225 736 3292 non.

214 3360 319 3447 Neque
341 3383 415 3448 qnae
437 3362 474 3437 tr
496 3358 638 3443 ὁμοίων
659 3362 796 3427 dicuntur
823 3362 861 3428 ad
888 3363 966 3428 hano
990 3361 1110 3448 quidem
1131 3384 1200 3452 par·

130 3460 266 3527 titionem
288 3462 490 3549 pertinebant,
518 3471 549 3528 ut
575 3465 606 3528 in
629 3464 738 3551 quibus
754 3485 815 3528 non
842 3465 1079 3550 comparationes
1100 3471 1200 3553 syste-

131 3569 250 3645 matum,
271 3562 325 3627 sed
346 3565 433 3629 metri
454 3585 549 3650 genus
570 3574 728 3653 spectetur.
771 3565 893 3630 Habent
913 3566 990 3630 enim
1013 3566 1070 3630 hoo
1091 3587 1202 3633 nomen

131 3685 177 3746 ea,
200 3685 275 3750 qnae
297 3686 356 3729 uno
378 3687 491 3751 genere
511 3665 595 3748 pedis
619 3665 664 3730 vei
686 3666 801 3731 numeri
823 3666 888 3730 sine
910 3666 1126 3755 interruptione
1150 3667 1200 3733 tie·

131 3776 259 3846 currunt,
282 3766 302 3830 i.
325 3788 356 3830 e..
375 3788 449 3851 quae
471 3774 634 3853 systemata
654 3768 755 3832 vocari
776 3767 883 3849 solent,
905 3778 937 3832 ut
963 3777 1200 3855 anapaestornm,

129 3864 316 3948 lonicorum,
339 3867 521 3952 aliorumque
543 3889 741 3936 numerorum.
784 3868 1018 3954 Distinguuntur
1037 3879 1135 3934 autom
1157 3868 1201 3933 τὰ

130 3967 167 4040 ἐξ
196 3963 339 4048 ὁμοίων
366 3968 397 4032 in
419 3965 688 4053 ἀπεριόριστα,
722 3991 796 4056 qnae
824 3991 882 4035 uno
911 3979 1014 4035 tenore
1049 3969 1202 4058 usquead

130 4067 218 4133 finem
246 4070 424 4158 procedunt,
455 4069 476 4135 i.
499 4092 525 4135 e.
548 4092 624 4157 quae
645 4094 734 4136 nnum
755 4078 888 4159 systema
908 4080 991 4152 sunt;
1023 4078 1053 4137 et
1089 4071 1122 4136 in
1153 4092 1203 4154 es,
