2654 4786
468 413 976 480 'mmmm.

656 575 690 661 ξ.
712 572 785 641 654.

272 723 455 808 Κομμάτιον
482 735 528 792 est
554 730 644 792 breve
666 747 800 808 carmen,
828 747 867 790 ex
896 724 1028 789 versibus
1054 722 1252 811 anapaesticis
1314 767 1317 780 .

188 830 323 895 dimetria
347 829 452 893 aliisve
475 830 668 915 compositum
688 849 750 893 non
772 827 884 917 habens
906 825 1117 914 antistrophas.
1161 821 1252 888 inter·

188 931 255 995 dum
277 930 400 1018 pariter,
423 938 549 1016 atquae
571 916 882 1017 sequiturparabasis‚
904 948 942 991 ex
955 924 1155 1020 anapaesticis
1166 932 1252 988 tetra·

189 1034 291 1097 metris
313 1038 438 1113 constat,
461 1041 491 1093 ot
513 1031 542 1093 in
556 1030 697 1112 ‚Achata
719 1052 746 1099 v.
768 1027 841 1096 626.
864 1036 894 1095 et
915 1029 1050 1097 inPacc
1072 1049 1099 1091 v.
1120 1025 1194 1091 729.

652 1214 687 1305 s.
715 1211 789 1279 aaa.

271 1360 474 1447 Παρᾶβασις,
504 1387 578 1452 quae
601 1364 775 1448 angustiore
797 1363 967 1451 significato
990 1363 1116 1444 dicitnr,
1143 1372 1253 1426 utnon

169 1488 291 1549 ,omnes
311 1478 423 1554 septem
447 1475 545 1554 partes
567 1463 810 1553 comprehendat,
842 1463 894 1528 sed
917 1466 985 1553 ipsa
1005 1464 1046 1530 sit
1066 1480 1126 1529 noa
1148 1485 1188 1528 ex
1208 1462 1253 1528 his

188 1567 337 1656 partibus,
372 1567 541 1654 plerumque
572 1566 769 1654 anapaesticis
797 1564 977 1632 tetrametris
1012 1572 1144 1640 constat,
1179 1563 1254 1628 unde

189 1667 278 1733 etiam
300 1664 474 1729 ἀνάπαιστα
497 1677 629 1749 vocatur,
653 1676 684 1731 nt
705 1667 734 1731 in
758 1665 890 1731 Acharn.
910 1666 983 1732 627.
1006 1667 1037 1730 in
1061 1665 1162 1753 Equit.
1184 1663 1253 1730 562.

188 1770 219 1832 in
240 1767 322 1831 Pace
342 1767 415 1832 735.
437 1769 468 1832 in
489 1768 604 1832 Avibus
625 1764 698 1834 664.
721 1767 808 1832 etiam
830 1768 855 1831 si
878 1767 938 1833 alio
959 1789 1044 1854 qnam
1066 1765 1254 1859 anapaestico

188 1877 282 1933 metro
304 1875 364 1933 est:
387 1889 413 1933 v.
437 1868 590 1934 Pollucem
601 1867 667 1950 lv„
688 1869 758 1935 112
777 1867 869 1935 schol.
881 1866 1037 1957 Aristoph.
1051 1868 1088 1932 ad
1100 1866 1174 1933 P'ac.
1184 1864 1255 1952 761.

189 1967 282 2034 schol.
311 1964 475 2058 Hephaest.
501 1992 532 2058 p.
553 1968 597 2034 59
618 1968 718 2052 (102).
769 1967 868 2057 Saepe
896 1970 985 2034 otiam
1012 1969 1072 2035 alio
1095 1954 1191 2034 metro
1213 1978 1257 2033 est

189 2071 354 2159 parabasis,
376 2078 409 2135 ut
429 2070 595 2160 Eupolideo
617 2070 648 2135 in
659 2069 796 2135 Nuoiou
818 2092 845 2135 v.
866 2069 938 2136 518.
960 2093 1053 2158 sopp,
1069 2066 1124 2133 soti
1141 2080 1257 2158 semper

190 2171 271 2236 κατὰ
291 2173 405 2253 στίχον,
428 2173 448 2236 i.
472 2194 498 2237 e.
519 2171 625 2237 eodem
647 2192 738 2258 nsque
761 2193 848 2236 versu
861 2173 1000 2261 repetito,
1022 2171 1143 2258 scripta.
1166 2172 1256 2235 Nom·

190 2295 275 2359 quam
298 2294 369 2339 vero
392 2273 429 2338 ad
453 2295 517 2337 eam
540 2272 666 2337 trimetri
688 2271 808 2336 iambici
819 2272 1009 2339 adhibenturz
1031 2295 1057 2338 v.
1074 2271 1174 2338 Benti.
1186 2271 1256 2336 diss.

189 2373 312 2439 Phalar.
335 2395 363 2461 p.
388 2372 457 2438 111.
481 2374 545 2438 sive
567 2375 613 2440 ed.
636 2373 724 2460 Lips.
746 2395 775 2461 p.
797 2371 869 2439 262.

660 2556 692 2645 §-
714 2527 787 2623 oco.

275 2708 412 2793 Μακρὸν
438 2710 501 2776 sere
536 2732 575 2774 ex
602 2709 736 2775 dimetria
765 2709 964 2798 anapaesticis
990 2717 1123 2793 constat,
1155 2719 1188 2775 et
1214 2718 1258 2776 est

191 2810 348 2893 eiusmodi,
369 2818 400 2877 nt
422 2817 513 2877 totum
534 2808 687 2886 ἀπνευστί,
709 2811 730 2877 i.
741 2833 768 2876 e.
791 2831 849 2875 nnn
870 2810 977 2899 spirita
999 2810 1120 2876 recitari
1142 2811 1257 2894 oroma

192 2934 210 2976 a
231 2933 288 2998 qna
308 2935 343 2978 ro
364 2911 454 2979 etiam
475 2919 578 2994 πνῖγος
600 2926 729 2979 vocatur.

659 3096 693 3182 s.
714 3094 787 3162 aar.

277 3245 424 3333 Στροφνζ,
461 3272 535 3335 quae
561 3251 650 3315 etiam
678 3247 744 3335 ᾠδὴ
773 3247 902 3330 dicitnr,
934 3249 1032 3315 cantio
1055 3257 1102 3314 est
1122 3251 1258 3316 versibus

192 3349 308 3414 melicis
334 3350 461 3438 scripta,
491 3351 553 3433 cni,
582 3350 632 3415 uoi
658 3348 812 3436 ἐπίῤῥημα
833 3349 1072 3445 recitatnmest,
1100 3352 1260 3440 respondet

194 3448 300 3514 iisdem
321 3452 424 3515 metris
445 3450 657 3535 ἀντίστροφος,
680 3473 754 3538 qnae
776 3452 865 3517 etiam
887 3449 1010 3536 arepto
1033 3463 1163 3518 vocator.

659 3653 695 3740 §-
714 3652 788 3718 oss.

273 3802 445 3891 Ἔπίρῥημα
480 3812 616 3870 constare
648 3805 724 3870 solet
757 3827 795 3871 ex
823 3804 957 3870 versibus
989 3807 1170 3872 tetrametris
1200 3816 1260 3873 tro·

194 3906 322 3988 ehaieis,
350 3928 423 3993 quos
441 3905 648 3995 coryphaeus,
677 3906 726 3971 ubi
747 3905 869 3994 stropha
897 3914 1013 3971 cantata
1040 3916 1107 3990 est,
1143 3910 1260 3975 recitat

193 4006 275 4072 Huic
307 4007 425 4090 deinde,
456 4014 608 4096 postquam
646 4015 762 4073 cantata
794 4024 840 4073 est
870 4007 1066 4097 antistropha,
1098 4011 1261 4098 respondet

193 4108 313 4174 totidem
336 4110 469 4176 versibus
492 4109 622 4175 eiusdem
645 4111 731 4176 metri
753 4105 972 4194 ἀπιπίρρημα.
