2654 4786
130 390 194 462 282
375 421 377 427 2
491 408 559 462 mn.
578 408 622 464 ru.
655 407 860 462 conarri.

131 559 273 626 habuerit·
289 556 474 644 quindecim,
512 558 653 624 credibile
681 565 728 623 eet
754 557 860 645 quinos
886 557 1056 645 stropham,
1090 557 1195 643 quinos

130 660 356 748 antistropham,
376 660 482 746 quinos
502 659 628 749 epodum
650 660 805 725 cecinisse.
830 659 917 733 linae
925 659 956 722 in
969 653 1196 746 rl'gamemnoue

130 785 148 827 a
168 782 197 827 v.
218 759 292 827 483.
314 761 427 848 epodus
449 770 504 843 est,
526 783 591 827 eam
612 767 751 848 quattuor
770 760 923 848 deinceps,
942 759 1019 825 alius
1041 759 1195 825 aliumex·

129 862 285 951 cipientes,
302 882 408 928 canere
422 861 569 943 ridentur,
591 870 707 927 tacente
720 862 769 950 qui
782 861 894 928 medius
906 862 1003 928 stabat
1016 862 1195 950 coryphaeo.

590 1096 626 1182 s.
653 1096 727 1163 oro.
790 1155 792 1159 ,

211 1269 281 1332 Non
307 1267 424 1332 videtur
450 1265 577 1331 dubitari
598 1285 705 1354 posse,
733 1267 801 1352 quin
832 1265 1046 1353 antistrophico
1073 1271 1105 1331 et
1127 1287 1195 1355 epo·

128 1371 196 1435 dica
224 1369 405 1434 canticorum
433 1366 607 1455 compositio
641 1387 707 1432 cum
742 1367 832 1431 certis
860 1367 944 1431 chori
980 1368 1010 1430 in
1040 1367 1194 1433 orchestra

127 1472 315 1553 stationibus,
337 1469 469 1534 eamdem
480 1469 677 1533 referentibus
690 1467 907 1555 aequalitatem,
924 1468 1081 1532 coniuncta
1096 1468 1194 1534 luerit.

127 1573 231 1660 Itaque
253 1571 377 1661 epodica
403 1571 448 1636 sic
474 1579 541 1635 acta
562 1571 732 1658 suspicere,
759 1576 792 1634 ut
813 1569 939 1651 chorus,
967 1570 1035 1634 dum
1057 1570 1194 1661 strophas

127 1665 214 1760 atque
238 1671 437 1760 antistrophas
460 1678 596 1753 caueret,
626 1671 698 1736 duas
726 1670 878 1759 oppositas
899 1682 1001 1759 partes
1023 1670 1195 1736 orchestrae

127 1774 272 1855 tenuerit,
301 1772 425 1860 epodum
448 1781 544 1837 autem
567 1772 710 1837 cecinerit
740 1778 823 1837 stans
849 1772 881 1835 iu
902 1771 1000 1837 medio
1022 1770 1194 1837 orchestrae

127 1875 202 1939 loco.
246 1875 312 1938 Nou
336 1874 477 1938 abhorret
498 1875 553 1938 hoc
574 1875 612 1938 ab
633 1873 689 1954 iis,
717 1895 791 1959 quae
811 1872 930 1938 Marius
951 1872 1128 1942 Victorinus
1150 1896 1194 1941 re·

125 1975 186 2039 fert
206 1996 236 2062 p.
257 1973 339 2040 2501
363 1974 428 2058 (76.
451 1975 497 2040 ed.
519 1973 686 2057 Gaisford.)
729 1973 887 2060 Antiqui
905 1973 1052 2038 deorum
1073 1975 1195 2040 lucader

126 2075 345 2142 carminibus
372 2075 638 2162 comprehensae
658 2076 794 2141 roborem
816 2096 905 2140 arae
926 2087 1195 2143 'eorumeorurn

125 2177 313 2262 canebant,
336 2181 439 2243 cuiue
455 2180 613 2261 primum
634 2174 800 2241 ambarum
822 2199 922 2262 queem
942 2170 1195 2268 ingrediebar·

126 2291 191 2345 tm·
224 2302 247 2344 e
268 2291 378 2366 perte
411 2280 544 2344 dextre
570 2276 716 2363 στροφὴν,
737 2276 924 2343 vocabant.-
956 2280 1195 2346 reversionem

126 2392 242 2446 eutem
263 2382 511 2446 ee'rec'otrorerem
529 2380 667 2464 factem
688 2379 855 2464 completo
879 2381 1009 2462 priore
1036 2380 1123 2461 orbe
1144 2381 1195 2445 ἇν-

125 2484 292 2568 cr'rrpopov
313 2481 552 2571 appellabunt:
575 2481 657 2544 deire
678 2484 717 2546 ἐπ
739 2492 923 2566 conspeetu
939 2481 1086 2546 deorum
1097 2483 1198 2548 soliti

125 2587 334 2665 conciscere,
375 2584 510 2647 euntiec'
542 2583 685 2668 relique
717 2580 1038 2668 consequebantur,
1078 2585 1194 2673 appel

125 2685 238 2750 lantes
258 2685 301 2749 e'd
319 2678 448 2770 ἐπῳδόν.

593 2919 626 3004 s.
656 2877 730 2985 err.

210 3090 317 3155 Potest
343 3100 439 3154 autem
462 3087 645 3175 quadruplex
673 3086 757 3151 chori
777 3088 898 3175 partitio
926 3088 1066 3174 cogitari.
1115 3090 1193 3156 Nam

126 3200 178 3258 aut
205 3191 305 3256 omnio
336 3213 353 3255 a
379 3197 442 3255 toto
472 3189 582 3270 choro,
613 3197 665 3253 aut
685 3189 784 3253 omnia
805 3212 823 3253 a
844 3189 976 3277 partibus
999 3189 1084 3254 chori
1107 3213 1193 3258 cane-

127 3296 242 3376 bantur,
264 3300 315 3359 aut
335 3300 436 3381 partes
457 3291 542 3356 chori
563 3292 712 3379 strophas,
733 3298 811 3357 totus
827 3298 922 3366 autern
935 3290 1044 3356 chorus
1056 3292 1194 3380 epodon,

69 3458 72 3463 .
126 3404 177 3460 ant
198 3405 277 3461 totns
299 3393 406 3459 chorus
429 3391 578 3481 strophas,
600 3391 725 3480 epodnm
747 3397 844 3456 antem
866 3412 935 3478 pars
957 3393 1042 3457 chori
1059 3395 1193 3460 canebat.

591 3627 625 3713 s.
654 3625 726 3693 ore.

212 3799 350 3864 Omnium
373 3798 567 3864 usitatissima
588 3797 704 3861 videtur
724 3797 832 3862 divisio
863 3797 975 3862 induo
1003 3797 1192 3864 hemicho-

126 3901 309 3967 ria-luisse.
358 3900 443 3965 llaec
465 3898 617 3965 dividendi
643 3898 742 3963 chori.
755 3898 833 3964 ratio
854 3898 1016 3965 secuudum
1038 3899 1193 3965 Pollucem

125 4002 179 4070 lv.
203 4002 273 4069 107.
296 4002 425 4088 διχορία,
447 4021 517 4089 pars
535 3999 752 4066 dimidiachori
774 3993 943 4083 ἡμιχόριον,
963 4022 1094 4082 carmen,
1115 3999 1193 4087 quod

125 4103 176 4169 ita.
189 4103 303 4170 divisus
324 4105 433 4171 chorus
456 4102 589 4186 canebat,
610 4099 768 4187 ἀπιχορία
788 4102 956 4168 vocabatur.
