2654 4786
125 391 189 461 am
474 410 543 463 ure.
561 411 606 464 ru.
642 408 826 465 ceassiu.

126 580 271 647 scenaque
299 561 416 647 disponi
444 560 548 626 solitas
575 559 680 626 fciam.
730 557 831 626 Oculis
861 557 940 623 enirn
961 555 1052 624 multo
1074 556 1193 624 facilius

127 660 323 727 animadverti
344 661 417 727 haec
438 660 737 751 aequalitas'potost‚
764 682 850 747 quam
879 659 999 727 aurihus
1020 658 1135 725 notari:
1163 665 1193 724 ut

126 761 188 827 nisi
209 761 363 848 spectandi
384 783 490 827 caussa
512 784 586 850 opus
608 784 645 828 ea
665 763 825 851 diligentia
840 760 960 844 fuisset,-
979 783 1040 831 noo
1058 760 1193 829 videatur

127 861 267 928 audiendi
287 884 394 929 caussa
416 884 482 928 esse
504 863 633 930 inventa

498 1508 635 1610 onai.
662 1537 815 1609 xxn.

268 1710 334 1780 De
383 1710 740 1782 carminibus
784 1710 1095 1783 choricis.-

595 1925 629 2011 s.
650 1924 724 1991 eoa.

211 2077 398 2166 Praecipuus
420 2086 467 2143 est
487 2057 768 2165 antistrophicorum
789 2099 860 2144 usus
877 2079 909 2143 io
927 2078 1111 2143 carminibus
1127 2078 1194 2142 cho·

126 2178 210 2244 ricis.
252 2177 314 2244 Sed
336 2178 409 2243 haec
431 2179 564 2244 carmina
584 2178 827 2264 quemadmodum
853 2178 933 2244 inter
958 2199 993 2243 se
1019 2179 1087 2267 ipsa
1110 2178 1195 2244 diffe-

126 2288 206 2361 runt,
226 2279 270 2344 ita
290 2280 391 2361 etiam,
413 2280 489 2366 quod
512 2280 549 2345 ad
570 2281 715 2345 rationem
737 2280 980 2369 antistrophicam
1001 2280 1120 2364 attinet,
1141 2280 1195 2346 ali·

128 2379 197 2467 quid
229 2380 411 2446 diversitatis
443 2380 562 2445 hahent.
618 2381 720 2446 Primo
748 2381 900 2447 videamus
927 2380 964 2446 de
991 2381 1030 2447 iis
1060 2382 1194 2463 canticis,

127 2477 261 2567 quae'ah
282 2479 347 2546 solo
370 2481 460 2545 choro
483 2489 636 2547 canuntur.

600 2685 634 2770 s.
655 2682 728 2749 ooo.

212 2833 249 2899 ln
282 2835 438 2921 tragoedia
459 2836 643 2923 -lougiorum
676 2836 760 2900 chori
792 2837 955 2903 carminum
987 2837 1047 2902 duo
1081 2858 1196 2925 genera

129 2944 406 3019 commemorantur,
418 2937 580 3026 paredus
603 2946 633 3001 et
654 2937 857 3004 stasimum.
878 2937 1060 3003 Aristoteles
1077 2939 1197 3025 quidem

128 3037 278 3119 Poetis,
299 3036 329 3103 7.
350 3039 530 3126 paredum
552 3039 624 3103 dicit
644 3038 769 3126 primam
790 3039 995 3104 recitationem
1007 3040 1099 3104 totius
1112 3041 1195 3106 chori

129 3159 212 3203 esse:
244 3138 437 3204 stasimum
466 3147 562 3205 autem
590 3140 736 3205 cauticum
763 3139 848 3204 chori
864 3139 940 3204 'sine
966 3143 1139 3229 anapaestis
1167 3149 1197 3207 et

129 3239 288 3305 trochaeis.
316 3239 520 3307 'Scholiastes
546 3240 685 3306 metricus
712 3240 867 3329 Euripidis
894 3250 992 3305 autem
1019 3242 1057 3306 ad
1079 3243 1197 3311 Phoco.

130 3339 203 3406 210.
230 3340 276 3406 cd.
297 3338 403 3415 valen.
426 3342 616 3411 stasimum
638 3342 738 3407 vocari
761 3343 803 3407 ait
824 3363 960 3425 carmen,
988 3343 1064 3430 quod
1088 3344 1196 3411 chorus

131 3448 198 3528 post
212 3441 355 3529 paredum
378 3443 520 3524 immotus
547 3450 629 3509 stans
652 3449 754 3523 canat3
781 3443 961 3532 paredum
983 3452 1081 3508 autem
1104 3446 1196 3511 cauti·

132 3563 207 3624 cum,
230 3541 306 3628 quod
329 3544 447 3627 chorus,
469 3544 537 3609 dum
558 3545 590 3613 iu
611 3543 794 3611 orchestram
816 3545 1013 3632 ingrediatur,
1036 3557 1133 3612 cahat.

592 3745 627 3832 s.
655 3744 727 3812 eos.

214 3892 364 3980 Hdpodoc
390 3917 477 3982 quum
498 3902 528 3961 et
549 3898 769 3984 ingressionem
790 3898 927 3964 chariin
949 3899 1146 3984 orchestram,
1166 3911 1198 3967 et

131 4019 167 4063 eu
189 3997 350 4084 significet,
371 4019 446 4083 quae
467 3997 574 4064 chorus
596 4000 778 4065 orchestram
802 3999 849 4064 vei
869 4000 1114 4087 ingrediens.:rel
1136 4002 1197 4090 pri·

131 4120 211 4164 mum
228 4099 386 4186 ingressas
405 4099 487 4165 canit
506 4100 553 4166 vel
573 4100 695 4182 recitat,
725 4123 795 4167 uera
815 4101 931 4168 ridetur
950 4101 1124 4169 Aristotelis
1146 4102 1198 4168 de·
