2654 4786
437 381 485 434 ou
503 380 675 436 vuasruvs
694 383 895 437 eanonicus.
1070 422 1074 433 .
1136 365 1200 434 183

600 533 633 618 §-
655 530 729 599 449.

215 697 465 773 Quemadmodum
494 701 728 785 contractiones,
757 710 787 766 nt
814 723 904 790 supra
931 702 1047 785 dictumn
1066 723 1125 766 non
1147 703 1197 769 ad-

127 799 220 865 mittit
247 799 304 874 hoc
329 810 453 867 metrum
481 824 535 890 per
566 802 681 868 numeri
708 800 811 890 leges,
841 803 882 868 ita
909 802 1073 869 solutiones
1095 825 1199 870 arseos

127 922 225 987 nequo
246 909 405 993 usurpatae
426 911 505 986 sunt,
525 925 581 969 nec
602 912 760 992 potnerunt
781 905 927 994 usurpari,
949 905 977 970 si
998 914 1079 970 recte
1095 907 1199 970 statui·

128 1024 194 1067 mus
223 1024 306 1068 arses
334 998 393 1069 tria
421 1010 555 1090 tempora
582 1004 701 1071 habere.
751 1004 979 1093 Elegantissimi
1006 1029 1108 1072 versus
1131 1014 1200 1073 suut

128 1104 159 1168 in
181 1101 394 1193 Aristophanis
416 1104 531 1170 Avibus
552 1104 625 1174 349.

213 1235 362 1322 οὔτεγὰρ
384 1235 456 1323 ὅρος
477 1239 596 1324 σκιερὸν
619 1239 686 1305 οὔτε
708 1240 799 1326 νίφος
821 1236 964 1323 οὐράνιον

214 1338 285 1404 οὔτε
306 1338 414 1404 πολιὸν
435 1337 564 1425 πέλαγός
585 1341 677 1418 ἔστιν,
701 1339 718 1406 ὃ
740 1366 768 1405 τι
791 1342 906 1418 δέξεται

117 1454 123 1460 ’
213 1438 285 1507 τώδ’
308 1438 501 1527 ἀποφυγόντε
521 1467 569 1523 με.

132 1595 244 1671 Quibus
272 1595 321 1681 qui
350 1595 380 1660 iu
410 1595 533 1684 stropha
560 1618 586 1660 v.
614 1594 687 1661 333.
715 1594 898 1682 respondere
925 1594 1046 1677 debent,
1079 1602 1200 1682 recepta

131 1697 309 1764 scholiastae
330 1696 547 1784 impeditiorem
570 1695 724 1762 verborum
748 1697 991 1783 compositionem
1014 1695 1200 1784 expedientis

132 1798 328 1888 explicatione
350 1797 531 1886 turpissimis
553 1798 751 1864 solutionibus
773 1797 898 1880 foedati,
919 1798 965 1863 sic
983 1797 1120 1865 videntur
1134 1819 1199 1863 cur·

133 1899 250 1988 rigandi
271 1921 353 1965 esse:

187 2080 191 2087 ¹
215 2049 246 2128 ἴς
265 2075 298 2115 τε
319 2046 411 2115 δόλον
431 2047 465 2127 ὅς
484 2048 516 2131 μ’
540 2047 678 2117 {nollendo
698 2050 871 2137 παρίβαλέν
892 2049 927 2115 τί
943 2075 982 2132 με
1004 2046 1074 2134 παρ’

215 2149 290 2229 ἐξότ’
315 2151 449 2236 ἐγίνοντο
470 2151 555 2235 γένος
576 2151 633 2236 οὐχ
654 2149 738 2217 ὅσιον
759 2151 836 2247 ἀμφ’
861 2153 928 2234 ἐμοὶ

216 2256 267 2318 καί
289 2251 434 2335 πολίμιον
453 2253 579 2339 τραφίν.

600 2487 635 2575 s.
658 2487 730 2556 reo.

215 2630 361 2723 Paeonici
388 2656 552 2722 catalectici
579 2657 610 2721 in
633 2655 825 2744 disyllabum,
855 2657 923 2721 item
946 2654 1104 2720 anacrusin
1127 2652 1198 2717 iam-

139 2757 227 2824 licant
249 2758 411 2840 habentes,
438 2778 508 2822 raro
530 2757 728 2824 inveniuntur.
779 2757 927 2847 Exenrpla
948 2755 1090 2822 nonnulla
1111 2755 1200 2820 habet

139 2858 286 2950 Aristoph.
307 2859 340 2924 in
362 2858 494 2946 Lysistr.
517 2858 548 2922 in
570 2860 712 2941 carmine,
735 2859 809 2946 quod
834 2869 879 2925 est
900 2882 918 2923 a
939 2880 965 2924 v.
988 2856 1059 2923 781.

215 3010 309 3087 αὐτὸς
330 3007 372 3095 ἔτι
395 3018 467 3085 παῖς
488 3007 540 3074 ὤν.

215 3109 335 3198 φεύγων
354 3107 453 3195 μοίμον
473 3109 588 3196 ἀφίκετ’
612 3113 644 3187 ἐς
665 3113 802 3196 ἐρημίαν,

213 3212 271 3278 κᾶν
291 3222 356 3288 τοῖς
376 3210 476 3298 ὄρεσιν
497 3210 577 3300 ᾤκει,

215 3305 279 3405 κᾷτ’
303 3310 490 3398 ίλαγοθήρα,

215 3412 397 3497 πλεξάμενος
417 3412 521 3499 ἄρκος,

214 3519 264 3582 καὶ
288 3514 363 3581 κείνα
383 3515 436 3582 τίν’
461 3513 544 3597 εἶχεν,

214 3616 333 3684 κούκέτι
354 3623 489 3700 κατῆλθε
511 3613 601 3680 πάλιν
624 3613 719 3679 οἴκαδ’
742 3611 801 3677 ὑπὸ
822 3614 942 3694 μίσους.

383 3882 387 3893 .
504 3905 718 3942 .a„„.„-.--.
738 3933 744 3937 ι
765 3929 821 3936 .-.-
