2654 4786
238 394 286 447 nu
304 393 556 448 sunornuovru
573 394 612 447 ru
629 393 786 449 numano
801 395 869 451 svn
886 397 1092 452 nrsrnmvr.
1133 380 1197 447 259

595 544 630 631 ς.
653 544 725 613 607.

217 695 389 784 Diligenter
416 697 504 761 etiam
533 695 738 762 attendendum
766 703 812 762 est
838 697 875 762 ad
899 698 1086 786 syllabam
1109 701 1195 764 hre-

130 821 204 862 vem
227 797 265 862 in
288 798 366 862 line
389 819 521 862 versus
542 799 712 886 positam,
734 799 810 862 Nam
827 820 912 884 quum
936 800 1037 865 ultima
1060 823 1193 867 versuum

128 898 246 987 syllaba
268 899 355 963 etiam
378 898 430 980 ibi,
454 899 503 962 ubi
526 909 630 963 natura
652 899 750 964 brevis
771 907 827 983 est,
849 900 940 966 multo
962 902 1081 990 saepius
1093 901 1196 990 longa,

127 1023 216 1087 quarn
239 1001 337 1066 brevis
367 1022 433 1064 esse
460 999 571 1082 soleat,
601 1000 637 1064 de
665 1023 721 1087 qua
749 1023 782 1066 re
811 999 918 1065 dictum
948 1001 978 1065 in
1007 1003 1134 1091 praelat.
1157 1003 1195 1068 all

130 1100 261 1191 Orphica
282 1123 311 1190 p.
332 1103 373 1181 9,
394 1102 570 1189 saepissime
592 1102 689 1165 brevis
708 1101 824 1188 syllaba
850 1101 993 1165 iudicium
1015 1112 1061 1168 est
1083 1104 1197 1168 numeri

129 1202 258 1268 noudum
277 1202 364 1284 liniti,
386 1202 438 1266 sed
462 1202 581 1288 longius
600 1202 826 1290 progredientis.
850 1201 949 1276 Quare
967 1203 994 1266 si
1011 1204 1075 1289 quis
1092 1226 1196 1269 versus

129 1326 222 1390 aeque
244 1305 275 1368 iu
308 1304 430 1391 stropha
452 1313 538 1389 atque
566 1306 596 1365 io
620 1303 806 1390 antistropha
832 1304 917 1367 brevi
944 1303 1061 1389 syllaba
1086 1304 1197 1388 linitur,

127 1405 299 1494 plerumque
333 1405 531 1469 continuatum
560 1426 623 1468 cum
653 1404 840 1489 sequentibus
872 1403 1004 1469 videmus
1032 1426 1196 1488 numerum,

128 1529 183 1571 uec
205 1506 292 1570 finem
323 1528 425 1570 versus
454 1527 488 1570 eo
513 1505 578 1569 loco
601 1504 741 1569 constitui
763 1525 852 1593 posse
872 1505 1086 1593 intelligimus,
1108 1507 1196 1594 idque

128 1614 210 1673 tanto
233 1607 355 1688 certius,
378 1629 434 1692 quo
458 1607 557 1694 plures
579 1614 655 1671 sunt
669 1607 827 1693 strophae,
850 1615 879 1671 ut
902 1607 978 1696 apul
1001 1606 1175 1672 Pindarum.

598 1789 632 1876 s.
654 1789 726 1855 coe.

211 1927 279 1993 Non
310 1935 477 2014 repugnant
504 1932 600 1989 autem
629 1926 698 1989 huic
726 1927 929 1990 observationi
956 1927 978 1989 ii
1000 1949 1119 2009 versus,
1147 1931 1197 2014 qui

127 2029 299 2116 systematis
326 2027 532 2115 comprehensi
564 2026 595 2088 in
624 2027 741 2090 brevem
767 2026 910 2112 syllabam
940 2040 1065 2108 exeunt,
1094 2038 1124 2092 ut
1152 2029 1197 2093 oi-

128 2129 214 2194 metri
237 2128 397 2215 dactylici,
419 2127 470 2191 seu
493 2127 592 2215 potius
616 2128 790 2191 confirmant
812 2150 886 2191 eum.
937 2127 1055 2192 Etenim
1085 2129 1114 2191 hi
1137 2142 1195 2193 ter-

128 2232 274 2311 minantur
297 2229 413 2315 quidem
435 2229 516 2293 brevi
539 2228 672 2316 syllaba,
694 2230 746 2292 sed
769 2229 846 2293 hanc
869 2229 962 2317 ipsam
990 2231 1027 2292 ob
1049 2248 1210 2313 caussam,

128 2332 196 2418 quia
224 2331 340 2396 numeri
366 2351 467 2395 eorum
496 2350 560 2394 cum
589 2330 780 2417 sequentium,
807 2351 943 2394 versuum
979 2333 1109 2396 numeris
1138 2353 1197 2396 una

126 2433 323 2524 perpetuitate
346 2432 514 2497 cohaerent.

594 2614 629 2701 s.
652 2613 724 2680 ooo.

213 2751 418 2817 certissimum
448 2749 571 2813 liniendi
592 2772 695 2814 versus
724 2749 865 2814 indicium
893 2752 1017 2837 praehet
1044 2750 1196 2837 syllaba

128 2853 452 2918 continuationem
488 2852 632 2915 numeri
665 2850 897 2938 impediens,
929 2852 997 2936 quia
1029 2852 1102 2914 haec
1138 2875 1194 2916 uno

128 2976 250 3019 numero
279 2954 362 3018 linito
392 2951 480 3016 alium
514 2952 646 3040 incipere
679 2951 816 3016 ostendit.
866 2950 922 3015 Est
953 2961 1049 3015 autem
1080 2952 1196 3038 syllaba

130 3055 380 3120 continuationem
403 3074 558 3117 mensurae
586 3052 751 3141 impediens
780 3072 832 3133 ea,
865 3074 939 3138 quae
972 3061 1021 3117 aut
1054 3051 1194 3117 hiatum

129 3157 228 3239 habet,
251 3164 301 3221 aut
322 3176 530 3219 mensuram
553 3155 769 3242 ancipitem.
802 3154 863 3219 Sed
886 3164 916 3217 et
938 3176 1092 3219 mensuras
1114 3155 1195 3219 anci·

129 3258 205 3346 pites
228 3266 258 3322 et
280 3258 377 3321 hiatus
401 3256 598 3320 tantummodo
622 3277 674 3320 eos
696 3255 825 3341 intelligi
847 3262 979 3343 apertum
1002 3271 1064 3337 est,
1091 3255 1195 3341 quiin

129 3380 243 3445 quoque
264 3379 376 3446 genere
398 3357 495 3423 illiciti
518 3357 678 3438 hahentur,
707 3356 743 3421 de
765 3378 821 3443 qua
842 3379 876 3421 re
897 3357 927 3420 in
950 3358 1026 3422 libro
1045 3357 1141 3444 primo
1166 3363 1195 3419 et

129 3461 158 3524 in
180 3461 368 3546 singulorum
390 3469 549 3524 metrorum
571 3459 770 3547 explicatione
792 3458 900 3524 dictum
923 3471 977 3523 est

592 3645 629 3732 ς.
655 3645 736 3710 uro:

136 3800 139 3807 ·
214 3776 385 3869 Cavendum
413 3800 501 3862 vero,
523 3800 573 3863 ne,
594 3802 669 3867 quae
690 3779 741 3844 diu
763 3777 890 3845 obtinuit
911 3777 1029 3862 opinio,
1056 3775 1193 3862 quoniam

131 3878 233 3945 ultima
253 3901 357 3944 versus
380 3881 518 3966 cuiusque
540 3881 655 3968 syllaba
677 3879 784 3968 anceps
801 3886 948 3958 censetur,
972 3877 1060 3941 etiam
1078 3874 1191 3939 medias

129 3979 336 4045 vocabulorum
360 3981 492 4067 syllabas
508 3991 641 4070 putemus
662 3982 806 4071 ancipites
829 4001 908 4063 esse,
928 3980 956 4043 si
977 3988 1045 4048 sunt
1066 3978 1098 4041 in
1120 3977 1192 4058 arsi,

128 4089 179 4147 aut
200 4082 228 4147 si
250 4082 281 4145 in
310 4083 387 4148 thesi
409 4082 469 4147 alia
490 4106 575 4170 quam
597 4084 747 4149 trochaica
768 4081 814 4149 vel
840 4081 965 4170 spoutlei
991 4078 1194 4168 epitritorum3

957 4182 990 4234 17
999 4183 1011 4208 “
