2654 4786
134 390 204 460 Μ·
365 416 400 469 ‚a
417 420 422 437 ·
440 411 636 467 =‹··=nru.³n1.
666 410 861 465 cornutus1
933 418 964 459 ι...

217 559 384 627 dorcam
405 562 513 644 ceole,
535 574 568 627 et
590 562 661 643 dic,
682 582 764 652 age,
786 557 874 626 tibh
929 604 942 627 ·.
973 596 989 613 -ι
1032 606 1036 613 ,
1091 604 1104 617 .,

219 663 352 752 regino
374 663 517 755 longam
542 661 725 751 Calliopea
740 662 862 744 moloc,
917 728 920 733 .
1024 706 1037 733 :.
1076 726 1079 731 .
1116 698 1119 703 ·

285 784 346 827 ceu
367 784 448 829 voco
468 786 562 828 nocue
583 767 694 830 macie
715 775 835 846 acuta,

335 885 395 928 ceu
404 863 544 948 fidibus
565 865 685 950 [pravo
708 862 847 952 Phoebi.

526 1018 528 1023 ’
602 1065 636 1151 c.
659 1063 732 1133 ano.
831 1039 833 1042 ’

218 1217 358 1284 Secunda
383 1240 453 1308 pars
482 1219 668 1283 tractationis
694 1219 726 1282 in
759 1239 856 1283 nexu
887 1238 1075 1282 numerorum
1104 1219 1208 1307 posita

133 1327 189 1403 est,
211 1319 259 1406 qui
282 1320 421 1408 gradu,
442 1319 565 1402 modo,
588 1319 841 1385 conversione
864 1317 974 1383 differt.

601 1521 635 1607 c.
657 1518 729 1587 ner.

216 1672 365 1740 Gradus
386 1671 523 1738 nectendi
536 1679 596 1738 tres
612 1686 691 1754 sunt,
713 1671 1000 1755 consecutione,
1022 1694 1110 1759 quum
1134 1676 1203 1741 finis

131 1796 269 1840 versnunr
297 1775 365 1838 finis
397 1783 443 1838 est
469 1774 556 1837 etiam
585 1772 717 1856 numeri,
751 1794 824 1859 qnos
850 1792 954 1838 versus
981 1794 1053 1839 non
1080 1796 1202 1841 nexos

130 1897 287 1941 vocamus:
324 1872 605 1964 noncoprpolp,
640 1896 726 1962 qurum
754 1871 841 1938 modo
869 1882 1078 1962 perpetuatur,
1113 1877 1201 1942 modo

130 1999 191 2042 non
218 1984 410 2064 perpetuatur
438 1998 593 2058 numerus,
621 1975 671 2062 qni
697 1984 765 2040 sunt
793 1996 895 2039 versus
922 1977 1109 2042 seminexi
1137 1977 1201 2042 sire

130 2079 363 2166 asynarteti3
392 2077 659 2160 cohaerentia,
687 2097 761 2164 quac
788 2072 938 2160 συνάφεια
960 2099 978 2141 a
1000 2077 1128 2145 Graecis
1150 2100 1201 2144 vo·

130 2187 224 2264 catur,
245 2202 321 2267 qnae
341 2188 515 2270 perpetuata
537 2199 659 2244 numero
681 2176 816 2266 perfecta
837 2176 1006 2244 coniunctio
1028 2172 1084 2246 est.

593 2382 628 2469 ς.
656 2376 728 2446 558.
798 2374 801 2381 ’
912 2367 916 2374 ’

212 2532 320 2597 Medi
348 2533 559 2620 nectendorunr
578 2552 774 2599 numerorum
801 2533 833 2596 hi
863 2544 947 2597 sont:
974 2553 1019 2597 ex
1046 2532 1131 2607 arsi
1161 2535 1198 2599 in

127 2634 251 2715 arsin,
286 2655 361 2718 quae
393 2635 483 2698 sortis
511 2644 541 2698 et
573 2635 713 2700 mascula*
730 2635 897 2698 coniunctio
929 2644 990 2713 est3
1025 2655 1069 2699 ex
1099 2634 1197 2700 thesi

129 2734 165 2798 in
189 2735 312 2815 arsin,
340 2755 414 2820 quae
442 2734 596 2800 lenissima
624 2736 753 2800 omninno
787 2741 817 2797 et
848 2736 1024 2800 suavissima
1056 2743 1119 2816 est3
1154 2757 1199 2801 ex

126 2835 211 2901 arsi
231 2834 268 2898 in
290 2835 512 2918 anacrusin,
538 2859 613 2923 quae
634 2838 714 2901 inter
741 2834 794 2899 has
816 2835 996 2918 mediaest,
1025 2858 1072 2901 ex
1099 2836 1198 2903 thesi

127 2938 165 3002 in
189 2936 414 3019 anacrusin,
436 2959 509 3024 qnae
531 2937 638 3002 debilis
661 2943 691 3001 et
711 2936 809 3003 soluta
829 2945 884 3005 est.
928 2937 976 3002 Da
996 2937 1044 3003 his
1066 2959 1096 3004 v.
1116 2938 1199 3005 infra

127 3059 193 3129 cap.
212 3036 328 3110 xvlfl.

599 3207 634 3294 ᾗ.
655 3204 727 3277 559.

211 3358 442 3443 Conversio,
464 3382 539 3446 quae
561 3382 580 3425 a
600 3360 725 3451 tragicis
747 3360 868 3425 inventa
887 3358 1015 3442 videtur,
1038 3368 1197 3450 usurpatur

126 3460 157 3523 in
178 3461 350 3547 systematis
379 3482 436 3526 uno
464 3483 577 3548 genere
598 3461 714 3526 numeri
744 3460 985 3542 decurrentibus,
1018 3483 1141 3547 quorum
1165 3464 1195 3527 in

126 3560 200 3643 fine,
229 3560 352 3648 abrupto
375 3583 515 3645 numero,
546 3563 578 3626 in
605 3557 695 3627 aliurn
723 3570 754 3627 et
781 3562 951 3651 plerumque
973 3563 1003 3627 in
1027 3564 1194 3652 oppositum

125 3662 278 3746 transitur,
302 3669 331 3727 et
353 3663 469 3749 quidem
492 3671 543 3728 aut
555 3686 592 3727 ex
605 3664 667 3729 arsi
679 3665 709 3728 in
723 3664 817 3748 arsin,
839 3673 889 3729 anit
910 3687 948 3728 ex
971 3664 1047 3747 thesi
1070 3666 1100 3731 in
1124 3689 1194 3731 aua·

124 3763 235 3831 crusin.
279 3763 320 3833 Vt
340 3763 416 3865 apud
439 3762 543 3853 Enrip.
566 3762 642 3829 Hoc.
662 3765 735 3831 213.

209 3897 263 3964 τὸν
283 3898 358 3981 ἐμὸν
378 3900 412 3964 δὲ
431 3899 508 3979 ptine,
531 3895 635 3979 λώβαν
656 3897 759 3981 λύμαν
776 3898 801 3964 τ’

211 3999 248 4065 ori
268 4004 506 4083 peccaminum·
528 3999 608 4064 ἀλλὰ
630 4007 736 4066 θανεῖν
756 4027 809 4082 μοι
903 4066 906 4071 ,

276 4106 422 4188 &nupia
433 4106 589 4190 ,κρείσσων
609 4100 764 4190 ἐκύρησεν.
