2654 4786
125 374 148 441 6
523 390 593 445 ura
610 392 631 443 ι.
665 388 745 445 oss.
762 389 796 442 ιι.

126 544 290 634 spatiorum
311 539 506 630 descriptioni
526 562 681 607 commune
701 546 761 606 est:
790 540 878 627 idque
907 547 1047 628 punctum
1070 546 1117 604 est
1139 559 1199 603 sre-

127 645 220 728 dinm,
240 643 318 733 quod
340 652 510 710 centrum
531 651 663 709 vocatur.
697 642 751 707 Est
773 661 848 729 ergo
870 650 1038 706 centrum
1060 649 1200 729 punctum
1245 718 1248 723 ,

127 747 245 813 unicum
271 746 304 811 ir
330 745 431 832 niiqes
450 743 652 834 descriptione
672 744 853 834 spatiorum,
878 742 969 811 totins
989 742 1201 830 descriptionis

129 848 271 915 unitatem
291 848 459 913 sentinam.
556 874 559 879 ·

607 982 642 1067 ξ.
673 977 723 1047 lt.

215 1094 332 1169 Caussa
353 1100 489 1170 absoluta
510 1094 627 1167 initium
649 1108 695 1193 est
717 1097 848 1191 numeri:
876 1121 947 1191 pars
969 1095 1121 1181 absoiuta,
1144 1118 1203 1162 me·

129 1202 210 1272 dium
232 1198 347 1292 figurae
368 1199 587 1295 symmetricae.
631 1198 740 1268 Finem
763 1200 878 1267 numeri
898 1223 981 1285 vere,
1002 1197 1203 1286 terminosque

130 1302 246 1396 figurae
272 1326 332 1373 nou
358 1300 431 1373 licet
450 1304 623 1373 notionibus
651 1327 690 1370 ex
717 1300 784 1393 ipsa
811 1304 927 1370 numeri
954 1298 1202 1390 symmetriaeque

130 1406 358 1500 naturapetitis
380 1404 516 1490 definire,
539 1405 685 1494 quiahoc
706 1412 800 1471 tutum
821 1403 1025 1498 experientiae
1048 1412 1103 1467 est
1141 1397 1205 1466 Sed

131 1516 161 1576 et
182 1530 370 1576 numerorum
393 1516 423 1574 et
445 1507 606 1596 figurarum
627 1507 882 1596 symmetricarum
911 1506 968 1571 duo
990 1510 1204 1594 generarunt,

133 1633 220 1678 unum
242 1610 371 1701 simplex
394 1618 425 1675 ut
445 1608 475 1675 in
498 1610 630 1675 numeris
653 1608 696 1692 hi,

130 1829 163 1893 in
184 1828 291 1917 figuris
312 1828 524 1916 sym-etricis,
543 1828 684 1912 circulus,
703 1829 849 1917 pyramis,
870 1827 1059 1916 quadratum,
1081 1825 1206 1893 aiterum

131 1929 326 2019 compositum
354 1951 394 1997 ex
420 1918 553 1997 eiusdem
574 1929 691 1997 numeri
711 1929 759 1995 vel
780 1928 896 2018 figurae
917 1926 1093 2011 iteratione,
1121 1925 1206 2013 utin

132 2030 264 2099 numeris
284 2031 329 2116 hi,
956 2039 959 2044 ’

233 2147 736 2220 Ᾱυ-υΙίυουΙέυ-υΙέυυυ

133 2251 166 2317 ἰιι
187 2251 293 2339 figuris
314 2250 512 2341 pyramidum,
533 2250 744 2332 columnarum,
766 2251 905 2316 arborum
926 2250 1017 2315 certis
1040 2248 1207 2337 propertio·

134 2352 220 2418 nitur
242 2353 453 2440 dispositarum
474 2351 702 2419 vicissitudines.
732 2350 767 2416 Ιιι
789 2352 837 2417 his
858 2350 993 2417 omuibus
1015 2350 1122 2436 reguis
1143 2371 1207 2415 cer·

134 2454 214 2521 nitur
235 2454 378 2542 empirica
398 2453 446 2518 vel
466 2453 592 2520 arbitrio
619 2455 796 2534 constituta,
825 2474 883 2517 una
910 2462 993 2542 parte
1021 2473 1074 2541 pro
1104 2473 1208 2517 norma

134 2565 259 2644 sumpta.
279 2554 367 2624 Vnde
389 2554 417 2620 si
438 2563 572 2621 extrema
593 2576 662 2644 pars
685 2553 840 2619 dissimilis
862 2562 918 2635 est,
940 2576 1018 2621 nunc
1033 2553 1138 2619 deesse
1152 2553 1208 2619 ali·

135 2657 217 2744 quid,
237 2678 315 2722 nunc
335 2678 478 2746 superare
499 2656 695 2721 existimatur.

220 2977 298 3044 iliud
320 2986 445 3066 tempus,
465 2977 497 3043 iu
520 2996 576 3064 que
597 2976 673 3042 ictus
696 2985 753 3060 est,
772 2977 895 3058 arsin3
917 2990 1109 3065 eatempora,
1130 2997 1207 3062 qnae

135 3088 239 3147 carent
258 3079 335 3162 ictu,
357 3079 482 3145 thesin
503 3099 653 3160 vocamus,
674 3078 812 3167 exemplo
833 3078 873 3144 a
896 3078 1036 3160 Bentleii,
1058 3077 1135 3165 quod
1158 3077 1211 3143 tir·

136 3181 212 3248 nuri
232 3180 349 3247 videtur
368 3181 545 3246 anctoritate
572 3179 724 3246 Prisciani
745 3201 774 3267 p.
798 3179 889 3246 1289.
918 3190 948 3246 et
974 3179 1120 3245 Martiani
1148 3178 1209 3246 ca-

136 3281 234 3370 peiiee
266 3303 296 3369 p.
323 3283 409 3351 lou·
422 3282 469 3348 ed.
496 3281 643 3348 Meibom.
698 3280 802 3349 Ceteri
836 3283 951 3347 metrici
986 3303 1052 3347 curn
1085 3280 1209 3347 musicis

136 3383 286 3450 veteribus
313 3383 411 3448 thesin
439 3392 562 3467 vocant,
589 3404 675 3471 qnam
704 3404 758 3449 nos
778 3384 878 3464 ersin3
906 3384 1004 3466 arsin,
1036 3404 1124 3471 quem
1151 3403 1209 3448 nos

137 3484 245 3551 thesin.
295 3484 482 3572 Omninoque
503 3485 563 3551 aiio
586 3486 674 3551 mode
696 3485 743 3550 his
765 3484 934 3552 nominibus
957 3494 1093 3568 utuntur,
1123 3484 1209 3550 cuins

137 3587 226 3669 ratio,
248 3586 403 3653 coniuncta
424 3586 477 3652 iiia
497 3609 563 3651 cum
584 3586 721 3653 docmina
742 3587 865 3669 musica,
886 3590 1067 3676 perobscura
1087 3595 1144 3651 est.

614 3772 650 3859 ς.
681 3771 730 3838 ue

222 3909 329 3974 Potest
349 3907 440 3991 ictus,
468 3908 517 3996 qui
539 3907 681 3975 indicium
709 3914 755 3973 est
773 3927 899 3973 caussae
920 3907 1091 3990 absolutae,
1118 3905 1208 3972 etiam

138 4009 175 4076 ud
197 4010 306 4075 seriem
328 4009 386 4077 ism
408 4009 575 4077 inchoatam
598 4009 758 4092 accedere,
779 4019 811 4075 nt

275 4110 284 4138 Ι
