2654 4786
235 426 284 480 nu
302 425 553 480 suroruaavm
571 426 609 478 ru
626 426 781 481 numana
797 426 866 481 sva
883 427 1089 499 orsramvr.
1130 402 1190 478 rm

597 575 631 661 s.
653 577 726 642 om.
845 588 847 594 ·

212 727 401 817 Excipienda
430 737 476 795 est
503 729 581 793 arsis
608 729 722 795 numeri
754 729 910 816 dactylici,
944 753 1019 816 quae
1046 751 1131 815 quum
1161 732 1192 795 iu

126 831 300 917 quibusdam
322 831 457 895 versibus
478 837 582 918 suapte
603 830 632 893 vi
656 831 797 917 producat
814 833 931 899 brevem
948 830 1104 918 syllabam,
1125 853 1193 918 pro·

127 931 226 999 ductio
250 930 417 999 huiusmodi
445 953 504 995 uon
527 940 574 996 est
596 952 715 1012 versus,
742 934 794 997 sed
824 932 946 999 membri
969 953 1004 995 eo
1024 932 1092 999 loco
1114 933 1192 999 finiti

126 1030 278 1097 indicium.

597 1215 631 1305 ε,
654 1216 726 1281 ora.

213 1368 282 1433 Alia
314 1369 391 1432 ratio
423 1376 468 1433 est
496 1391 630 1435 versuum
661 1391 852 1450 nexorum,
884 1369 933 1454 qni
965 1369 1103 1454 quoniam
1136 1391 1193 1433 una

126 1471 322 1557 perpetuitate
345 1469 458 1532 numeri
481 1471 651 1551 cohaerent,
675 1492 732 1534 uon
756 1471 805 1534 ubi
828 1470 1097 1535 numerusliniatnr
1118 1468 1192 1552 (noo

126 1570 227 1635 linitur
255 1570 332 1633 enim
356 1569 416 1634 uisi
444 1591 508 1642 cum
530 1572 595 1658 ipso
625 1573 816 1658 systemate),
849 1572 900 1636 sed
928 1572 977 1635 ubi
1004 1585 1103 1659 partes
1128 1571 1192 1635 eius

126 1671 378 1736 disterminandae
398 1671 473 1751 sint,
495 1672 654 1757 quaeritur.
706 1672 744 1736 Et
771 1674 864 1761 primo
893 1673 1009 1759 quidem
1032 1693 1120 1737 usus
1143 1674 1193 1738 ob·

126 1773 289 1838 servandus
313 1780 369 1855 est,
390 1772 439 1858 qui
460 1771 599 1860 diligenti
621 1773 773 1838 notatione
788 1775 916 1861 optimae
930 1776 1127 1839 membrorum
1150 1774 1193 1838 di·

126 1872 252 1937 visionis
279 1871 439 1958 colligitur.
488 1873 530 1942 Vt
558 1874 606 1939 ubi
635 1874 747 1962 epitriti
774 1896 838 1939 cum
873 1875 1028 1961 dactylicis
1063 1874 1194 1939 numeris

127 1974 347 2055 consociantur,
367 1973 458 2038 veluti

127 2245 170 2308 ita
191 2244 256 2308 lere
278 2244 408 2306 membra
430 2242 526 2308 divisa
547 2266 615 2310 esse
631 2244 836 2331 intelligimnS,
859 2251 899 2326 ut,
921 2266 995 2330 quae
1010 2243 1127 2332 syllaba
1144 2252 1194 2309 aut

128 2344 222 2409 thesis
251 2344 358 2408 liniens
387 2346 565 2427 membrum,
593 2354 643 2409 aut
672 2347 825 2410 anacrusis
854 2347 1013 2410 membrum
1046 2345 1194 2434 incipiens

128 2467 197 2510 esse
217 2454 325 2532 potest,
346 2446 439 2509 thesis
461 2446 560 2533 potius
582 2467 648 2509 esse
670 2446 774 2526 soleat,

227 2578 473 2648 ‡o‡-‡o‡-yz
477 2596 636 2626 oooooo

128 2737 212 2803 quam
236 2715 401 2796 anacrusis,

230 2849 404 2896 Ᾱυ-ῑ-Ζυ-
419 2849 423 2917 l
438 2850 482 2889 --5
487 2867 645 2895 υυυυυυ

213 3186 333 3252 Deinde
366 3186 453 3251 etiam
487 3186 516 3249 in
553 3171 689 3250 versibus
724 3186 809 3249 nexis
849 3206 1025 3249 mensura
1056 3204 1194 3272 anceps

130 3291 216 3354 finem
239 3289 432 3352 membrorum
455 3287 582 3367 indicat,
604 3287 654 3352 sed
679 3296 789 3351 tantum
812 3287 842 3350 iu
865 3286 967 3351 thesi
990 3284 1196 3374 spondiaco

130 3391 388 3480 epitritorum,
412 3399 441 3453 et
462 3389 492 3452 in
515 3388 615 3451 tbesi
639 3390 909 3476 antispastica.
961 3386 999 3452 Et
1021 3389 1050 3452 in
1074 3394 1196 3473 utraque

129 3492 246 3579 quidem
268 3511 328 3555 non
351 3490 445 3554 solum
467 3489 499 3553 in
521 3489 579 3553 fine
603 3489 748 3571 vocabuli,
768 3488 823 3554 sed
846 3490 933 3553 etiam
955 3489 986 3552 iu
1002 3489 1098 3554 media
1114 3509 1195 3553 voce.

130 3579 280 3658 Pindarus
300 3592 348 3657 01.
369 3591 423 3660 Vl.
445 3589 496 3655 30.

211 3725 301 3812 *deripi
324 3723 429 3808 κώμου
451 3724 584 3814 δεσπότᾳ
606 3720 761 3810 πάρ-,εστι
784 3723 975 3810 Συρακοσίῳ.

130 3880 299 3966 Aeschylus
321 3879 408 3943 Pers,
430 3877 503 3943 282.
524 3876 596 3942 288.

214 4012 336 4090 idaeae,
359 4015 434 4088 αἰαῖ,
455 4016 612 4098 -στρατοῦ
635 4009 819 4097 φθαρέντος.

216 4114 337 4180 ἔκτισαν
358 4112 504 4189 edre-tog
525 4113 572 4196 ἠδ’
596 4112 774 4197 ἀνάνδρους.
883 4128 886 4134 ’
