2654 4786
403 310 451 362 nn
470 310 643 364 vsnsmvs
660 311 952 367 nnncnconnans.
1143 297 1205 364 179

228 461 317 546 φίλον
333 457 421 545 ,ἄνδρ’
446 456 665 544 ύιιαγκαλίζων,

225 562 272 625 lut
295 563 425 642 δεμνίοις
445 562 470 626 τ’
494 560 636 626 άκανθαν

126 738 136 749 ‚
223 664 368 745 χλιδανῆς
388 662 465 746 ἔχων
487 662 609 747 ἑταίρας

223 761 427 850 μυράχριοτος
448 764 577 849 λιπαρὸν
596 761 654 844 βά-

181 888 327 949 στροχον·
351 866 433 954 αὐδᾷ
455 869 498 944 ot,
520 863 624 953 θύραν
644 867 690 940 τίς
712 864 783 941 otta
804 891 868 946 μοι.

576 1068 639 1154 s.
666 1066 739 1132 ιιι.

222 1219 361 1284 Tertium
384 1242 497 1307 genos,
526 1241 582 1305 qno
605 1220 717 1284 scenici
738 1228 843 1308 poetae
866 1230 994 1304 utuntur,
1016 1224 1137 1310 insigne
1159 1241 1205 1290 est

130 1319 269 1385 admixto
293 1331 471 1410 anapaesto,
491 1327 561 1388 noti
590 1321 677 1388 modo
707 1334 795 1387 uteo
817 1323 938 1387 finiatur
965 1347 1119 1407 numerus,
1150 1326 1203 1390 sed

128 1421 226 1487 etiam
243 1422 273 1486 in
291 1423 397 1488 medio.
420 1421 567 1509 Exempla
588 1423 655 1486 vide
677 1423 707 1487 in
720 1422 865 1511 Aeschyli
877 1424 981 1490 Persis
1004 1450 1031 1492 v.
1053 1426 1203 1491 66-80.

127 1522 180 1588 lta
203 1522 309 1612 Enrip.
331 1522 440 1589 Bacch.
462 1521 513 1588 64.

218 1639 321 1717 Ἀσίας
342 1640 403 1705 ἀπὸ
425 1642 514 1724 γαίας
536 1640 616 1724 ἱερὸν
639 1647 733 1721 Τμῶ-

219 1747 275 1806 λον
295 1740 456 1825 ἀμείψασα
477 1738 582 1820 θοάζω
662 1745 665 1749 ’

220 1845 349 1930 Βρομίῳ
371 1840 572 1930 aaronitae,
595 1838 732 1920 κάματόν
753 1842 777 1904 τ’
802 1842 855 1906 εύ-

220 1940 368 2025 κάματον,
389 1942 524 2029 Βάιιχιον
545 1940 676 2024 ἆζομίνα
698 1940 783 2008 θεάν.

125 2078 194 2148 Vbi
215 2078 292 2144 θεὸν
312 2101 372 2144 una
391 2080 508 2168 syllaba
529 2088 582 2146 est.
628 2079 696 2145 Hoc
718 2081 803 2145 metri
824 2101 937 2167 genere
959 2081 1112 2168 praeclare
1135 2104 1204 2146 usus

127 2179 372 2269 Klopstockins:

219 2337 318 2380 ναοαιι
339 2317 404 2380 der
424 2315 608 2381 eclno'mmer
630 2337 695 2380 νοιι
718 2315 792 2380 dem
814 2315 934 2380 monde
955 2316 1168 2382 manherch.

602 2518 637 2603 s.
658 2515 731 2583 ια.

219 2667 392 2734 Solutiones
421 2671 696 2756 contractionesque,
722 2668 898 2734 recentioris
927 2668 1101 2756 tragoediae
1136 2690 1204 2757 pro-

138 2770 218 2854 priae
240 2768 385 2835 videntur.
430 2770 533 2860 Enrip.
556 2771 667 2836 Bacch.
689 2769 740 2836 78.

218 2901 259 2969 τά
280 2929 311 2968 τε
331 2905 450 2991 ματρὸς
470 2903 604 2990 μεγάλας
627 2903 676 2990 tp-

219 3030 271 3090 για
293 3006 437 3090 Κυβέλης
458 3004 638 3089 θεμιτεύων,

218 3105 279 3170 ι’ίνα
300 3104 420 3192 θύρσον
440 3134 472 3173 τε
492 3105 651 3184 τινάσσων,

219 3205 299 3272 κάτα
321 3216 415 3298 κισσῷ
438 3212 657 3296 στεφανωθιί.

142 3338 214 3407 idem
239 3344 270 3409 in
293 3345 441 3427 carmine,
469 3345 545 3431 qnod
574 3346 604 3409 in
633 3343 735 3408 eadem
763 3338 865 3404 fabula
892 3347 938 3403 est
959 3360 977 3403 a
999 3361 1025 3404 v.
1047 3337 1118 3404 370.
1142 3358 1200 3404 non

142 3444 241 3531 ubique
272 3446 365 3534 pedes
392 3445 518 3533 pedibus
547 3445 738 3532 exaequavit,
778 3440 831 3507 sed
865 3441 960 3530 ipsam
989 3441 1142 3507 anaclasin
1170 3441 1201 3506 in

141 3546 318 3629 antistropha
341 3548 480 3636 opposuit
502 3548 600 3612 versui
623 3569 682 3612 non
704 3542 918 3630 annotantem.

604 3744 733 3834 §.ne
788 3688 790 3693 '

216 3898 334 3967 Eadem
354 3923 477 3991 prorsus
500 3901 678 3968 comicorum
699 3899 828 3964 licentia.
859 3896 947 3985 Apud
967 3892 1200 3980 Aristophanem

138 3999 249 4069 dnobus
276 4002 464 4091 potissimum
491 4005 524 4071 in
551 4003 626 4070 locis
653 4001 750 4068 Ionici
779 4023 797 4064 a
824 3995 1092 4152 minorc‚l2partim
1118 3993 1199 4059 Ana·
1281 4089 1286 4099 Ι
