2654 4786
125 375 187 445 rte
475 394 543 447 nun
560 394 596 450 rr.
630 389 711 449 cur.
728 391 837 446 xxxu.

125 567 185 610 uun
213 543 343 634 putanda
369 549 415 609 eet
441 544 579 630 neglecta
606 566 674 612 cese
695 565 837 627 caesura,
863 541 963 609 diviso
990 541 1022 608 in
1050 563 1106 608 sua
1131 541 1193 609 ele·

124 654 225 713 menta
245 647 365 713 nomine
385 648 520 736 proprie.
553 646 631 717 Vide
653 646 688 733 §.
708 646 759 713 66.
798 646 848 710 De
869 666 1008 712 mensura
1028 643 1116 712 huius
1137 664 1193 709 nu·

126 749 215 815 minis
236 748 405 834 Διϊτρεφὴς
426 748 503 814 dixit
524 747 686 814 Elmsleius
708 748 745 813 ad
767 746 897 814 Medeae
918 770 945 814 v,
965 747 1041 813 326.

590 934 624 1020 p.
647 932 721 1000 ceu.

210 1085 419 1169 caesaraea,
448 1108 521 1172 quae
548 1087 645 1151 estin
673 1086 733 1152 fine
761 1085 884 1153 secundi
904 1085 1006 1176 pedis,
1028 1107 1119 1175 caepe
1141 1106 1193 1150 ne·

126 1188 267 1277 gligitur,
295 1188 348 1253 sed
376 1187 547 1276 plerumque
569 1189 629 1271 sic,
660 1196 691 1253 ut
718 1188 750 1253 in
771 1189 907 1277 proxima
928 1189 1013 1254 brevi
1033 1187 1193 1270 incidatur,

126 1312 200 1379 quae
222 1290 282 1355 alia
303 1290 402 1378 potius
425 1286 565 1373 caesura3
593 1311 678 1376 quam
705 1290 855 1377 neglectio
884 1313 1025 1356 caesurae
1053 1296 1110 1355 est
1153 1288 1193 1357 Vt

127 1394 157 1457 in
178 1391 268 1456 Pluto
291 1414 318 1456 v.
340 1390 413 1456 570.

211 1505 443 1590 ἐπιβουλεύουσί
461 1534 492 1573 τε
513 1512 558 1596 τῷ
579 1504 701 1592 πλήθει.

126 1645 188 1711 Sed
210 1667 300 1732 saepe
321 1666 427 1710 revera
448 1644 614 1731 negligitur
635 1625 758 1710 secundi
777 1645 863 1734 pedis
886 1666 1026 1727 caesura,
1053 1642 1142 1709 mcdc
1163 1642 1193 1709 id

127 1747 178 1810 fiat
197 1746 296 1810 verbis
317 1767 377 1812 ucu
397 1746 585 1833 ineleganter
605 1744 776 1832 dispositis,
797 1754 829 1811 ut
849 1747 877 1811 ei
899 1745 1046 1812 secundus
1068 1768 1123 1835 pes
1145 1746 1193 1811 da·

128 1846 223 1934 ctylus
247 1854 302 1930 est,
325 1847 406 1911 etin
428 1846 521 1933 longa
543 1847 681 1912 anacrusi
703 1848 785 1913 tertii
805 1848 891 1937 pedis
912 1851 1033 1914 verbum
1055 1849 1193 1914 termina·

127 1962 189 2014 tur:
212 1951 297 2014 utin
318 1947 374 2035 Eq.
395 1945 468 2013 508.
500 1946 591 2036 Vesp.
613 1945 687 2013 684.

209 2061 374 2150 ἠνάγκαζεν
395 2063 452 2148 ἔπη
475 2065 625 2143 λέξοντας.

210 2170 259 2233 σαὶ
282 2167 307 2232 δ’
331 2165 371 2250 ἦν
390 2168 436 2244 τίς
455 2191 488 2251 γε
510 2168 585 2256 διδῷ
607 2176 687 2254 τρεῖς
709 2163 848 2252 ὂβόλους.

126 2302 186 2371 vu
207 2280 411 2368 scalenum:
481 2281 484 2285 ’

211 2417 377 2504 ἠνάγκαζεν
398 2422 541 2497 λέξοντας
562 2417 631 2505 ἔπη.

210 2523 259 2586 σοὶ
281 2520 307 2584 d’
330 2519 369 2606 ἥν
389 2547 435 2598 τις
456 2524 501 2610 δῷ
522 2523 596 2598 τοὺς
615 2530 695 2609 τρεῖς
716 2517 855 2603 ὂβόλανς.

125 2656 231 2742 Neque
254 2656 377 2744 elegans
399 2666 444 2722 est
464 2679 585 2741 versus,
614 2657 698 2722 cuiun
726 2666 845 2744 quartus
871 2681 924 2747 pes
951 2680 1023 2724 voce
1044 2661 1193 2750 monosyl-

71 2798 73 2802 ι
125 2758 194 2825 laba
217 2758 331 2822 linitur:
362 2759 419 2824 etsi
447 2759 557 2846 aliquot
584 2759 751 2835 huiusmodi
773 2760 909 2850 exempla
929 2761 1137 2830 inveniuntur:
1165 2773 1194 2828 ut

127 2862 158 2925 in
182 2859 237 2947 Eq.
258 2858 331 2925 525.

211 2975 364 3063 ἐξεβλήθη
386 2973 560 3064 πρεσβύτης
580 2975 632 3043 ὤν.

128 3114 206 3182 Vide
228 3115 334 3182 dehis
356 3118 446 3182 rebus
469 3115 607 3181 omnibus
628 3114 725 3182 Elem.
747 3115 776 3183 d.
798 3139 838 3182 ur.
859 3137 888 3205 p.
909 3113 981 3180 399.
1004 3136 1088 3204 seqq.

600 3302 633 3388 a.
660 3300 733 3367 aec.

212 3453 282 3517 Non
304 3451 454 3518 iuvenitur
474 3454 506 3517 in
529 3454 576 3518 his
590 3455 726 3519 versibus
749 3454 1027 3541 proceleusmaticus
1049 3476 1104 3544 pro
1127 3478 1197 3523 ana·

128 3561 231 3641 paestc
254 3552 385 3642 positus,
412 3575 467 3618 nec
489 3553 623 3642 dactylus
651 3563 792 3642 sequente
814 3565 992 3645 anapaesto,
1019 3556 1080 3622 nisi
1103 3558 1146 3624 ita
1165 3567 1198 3623 ut

129 3655 264 3744 dactylus
291 3663 425 3742 quartum
452 3656 547 3721 lucum
577 3665 685 3722 teneat.
733 3657 819 3731 Quod
841 3658 898 3723 etsi
925 3657 1113 3725 rarissimum
1141 3666 1198 3742 eut,

129 3765 226 3822 tamen
262 3778 321 3822 ncn
354 3758 451 3843 magis
482 3758 662 3845 reprehendi
692 3766 805 3846 potest,
841 3781 926 3845 quam
953 3758 1057 3825 eadem
1088 3761 1123 3827 iu
1154 3761 1199 3827 di·

129 3859 233 3924 metris
256 3857 368 3947 dactyli
390 3867 420 3923 et
429 3860 583 3948 anapaesti
604 3861 783 3944 coniunctio,
803 3860 841 3926 de
852 3883 909 3948 qua
920 3862 1063 3949 monitum
1075 3862 1109 3948 §.
1123 3862 1198 3930 369.

131 3959 283 4048 Aristoph.
308 3959 398 4048 Vesp.
412 3959 486 4027 397.

215 4091 308 4160 αὑτὸν
325 4091 437 4180 δήσας,
460 4087 484 4161 ui
503 4096 693 4184 μιαρώτατε,
717 4098 749 4161 τί
764 4107 873 4178 παιεΐς;
897 4097 934 4164 οὗ
952 4097 996 4182 μὴ
1018 4097 1199 4184 καταβήσει.
