2654 4786
425 406 473 458 ou
492 406 666 460 vunsrnvs
685 406 905 462 consonum.
1135 390 1192 458 191

127 555 236 647 Eurip.
257 556 380 646 Hippoi.
401 554 475 624 741.

212 690 269 768 τὰς
289 690 505 778 ἢλεκτροφαεΐς
526 688 631 775 αὐγάς.

125 845 214 910 Haec
236 865 346 933 anceps
367 845 506 933 propria,
534 845 592 908 nisi
615 843 722 926 fallor,
749 847 933 911 scenicorum
960 853 1112 935 poetarum
1142 856 1195 913 est

127 946 168 1011 Et
188 968 276 1034 quum
297 946 373 1011 haec
393 947 506 1028 forma,
530 948 587 1011 etsi
608 945 694 1011 valde
716 945 836 1012 diversa
857 970 876 1012 a
897 947 1068 1013 dochmiaco
1091 959 1196 1031 metro,

88 1081 91 1085 ·
127 1060 245 1130 tamon,
273 1048 338 1113 hasi
360 1058 501 1136 excepte,
530 1047 635 1112 iisdem
663 1046 789 1134 syllabis
818 1058 947 1130 constet,
975 1050 1079 1134 quihus
1107 1051 1196 1116 doch·

126 1148 234 1232 miani,
261 1150 314 1215 uhi
341 1151 373 1214 in
400 1149 440 1214 iis
462 1149 555 1233 ionga
582 1155 627 1212 est
654 1150 750 1237 prime
777 1150 947 1232 onacrnsis,
976 1149 1072 1215 solute
1099 1161 1195 1216 autem

127 1251 224 1339 prima
246 1252 340 1319 arsis:

221 1396 252 1432 tr
267 1385 288 1427 L
313 1385 352 1453 p!-
364 1384 370 1454 p
383 1384 429 1431 σέ

128 1571 288 1659 rhythmici
316 1572 373 1636 duo
402 1592 514 1657 genera
542 1570 780 1635 dochmiacorum
814 1571 1046 1654 constituerunt,
1074 1593 1195 1658 quorum

129 1672 245 1738 metrici
265 1673 389 1736 aiterum
413 1672 514 1736 eodem
537 1672 668 1753 nomine,
691 1672 813 1736 alterum
838 1671 1023 1758 Glyconeum
1046 1684 1195 1737 vocarunt..

129 1772 195 1843 vu.
217 1773 345 1840 nentur.
368 1772 491 1848 oruata.
514 1794 542 1860 p.
565 1771 616 1837 eo.

598 1990 632 2075 §-
659 1989 733 2056 ιω.

211 2141 328 2209 Ordine
350 2142 526 2230 logaoedico
554 2144 584 2206 in
607 2144 807 2208 choriambum
830 2151 859 2207 et
880 2145 1008 2208 iambum
1031 2143 1126 2208 diviso
1149 2166 1197 2208 va·

131 2247 201 2311 riari
223 2266 377 2309 nnmerum
399 2245 510 2332 placuit
532 2267 585 2333 per
607 2245 878 2334 transpositionem,
900 2245 942 2309 ita
959 2252 989 2308 nt
1003 2246 1117 2309 iambus
1140 2245 1197 2309 iste

131 2358 195 2412 ante
223 2346 424 2411 choriambum
453 2346 612 2410 collocatos
646 2348 676 2410 in
704 2346 875 2411 trochaeum
908 2353 1091 2428 mutaretur,
1130 2347 1198 2431 quia

131 2449 212 2517 husin
235 2447 314 2513 arsis
336 2447 421 2533 sequi
442 2447 543 2512 dehet:

132 2568 135 2574 ’
241 2577 528 2668 t.:1nepscc-

234 2703 285 2766 καὶ
308 2695 486 2783 πεντήκονθ’
511 2695 667 2782 οὖψιβίας.

133 2853 290 2942 Phiiyllins
318 2853 350 2917 in
377 2853 469 2937 Auge
494 2851 570 2941 apud
599 2852 787 2916 Athenaeum
813 2851 867 2916 xl.
896 2873 925 2939 p.
952 2848 1024 2916 485.
1057 2850 1091 2920 Β,
1120 2850 1196 2938 apud

134 2953 315 3020 Meinekium
338 2954 377 3019 ll.
400 2954 430 3018 2.
452 2975 480 3042 p.
502 2952 576 3019 858.

368 3087 468 3153 ndum
489 3088 546 3173 γὰρ
568 3080 606 3169 ἦν

211 3189 296 3273 μέστ’
321 3188 441 3277 ἀνδρῶν
463 3192 512 3252 καὶ
533 3189 705 3274 μειρακίων,

212 3293 370 3369 πινόντων,
392 3287 471 3373 ὁμοῦ
493 3291 526 3354 δὲ
546 3286 647 3354 λάλων

213 3395 348 3485 γρᾳδίων
368 3390 546 3477 μεγάλαισιν
567 3391 612 3456 oi'-

257 3521 311 3560 ναυ
330 3495 477 3581 χαίροντα
500 3499 671 3568 λεπασταῖς.

143 3626 187 3694 Sic
206 3632 280 3696 haec
302 3631 469 3697 scribenda.

596 3846 631 3933 s.
657 3844 731 3914 ιω.
844 3901 847 3906 ,

215 4002 355 4090 Denique
374 4022 479 4067 rursus
500 4000 561 4065 alia
581 3998 660 4064 facta
681 4005 728 4064 est
748 4000 958 4087 transpositio,
980 3999 1032 4063 sed
1054 4019 1134 4081 raro,
1156 4006 1196 4080 et,

149 4107 173 4162 tt
189 4103 317 4188 uidetur,
343 4125 405 4170 non
432 4103 491 4168 uisi
518 4103 550 4168 in
577 4101 752 4189 compositis
779 4102 950 4188 quibusdam
979 4100 1099 4183 formis,
1126 4099 1196 4165 cho-
