2654 4786
233 416 281 469 DE
299 413 550 470 szoPHnRvm
567 415 605 468 IN
622 416 778 470 mmmmm
796 416 862 470 SVA
879 416 1099 476 uusunluvv„
1127 395 1191 463 285

126 568 234 657 primo,
257 576 394 656 mpure,
417 590 491 654 quae
512 568 544 633 in
565 577 707 654 sequente
728 591 815 634 versu
837 579 892 652 est,
914 570 1071 633 auacrusin
1094 577 1123 632 et
1144 591 1191 633 ar·

128 671 176 737 sin
200 669 419 757 complectatur,
441 691 497 756 quo
520 670 668 758 pertinent
690 672 724 755 §.
739 670 811 736 616.
834 670 970 759 exempla
992 666 1098 737 1-45
1118 691 1192 756 quae

126 793 187 837 non
209 770 297 860 plane
318 770 503 841 incommoda
524 771 631 850 divisio
655 779 710 855 est,
732 780 765 838 ut
785 773 864 839 siin
885 773 976 847 Pind.
999 772 1046 837 Ol.
1067 770 1192 849 11117

128 871 209 955 (28).
229 873 273 937 ita
294 871 423 953 dividas:
447 946 449 951 ,

214 1026 313 1105 δᾶμον
328 1020 546 1109 Ὑπερβορέων
567 1021 684 1099 πάσαις
700 1021 806 1086 Ἀπόλ-

215 1129 311 1202 λωνος
332 1122 509 1211 θεράποντα
530 1119 622 1210 λόγῳ.

597 1358 632 1446 a.
653 1359 725 1426 οτι.

214 1529 333 1596 Deinde
355 1537 386 1594 ut
408 1529 461 1593 illa
482 1550 552 1617 pars
576 1530 674 1611 vocis,
704 1532 778 1616 quae
809 1537 854 1594 est
881 1531 912 1596 in
941 1531 1070 1597 secundo
1098 1554 1196 1615 versu,

130 1632 206 1699 nihil
237 1632 294 1696 nisi
324 1631 479 1695 anacrusis
505 1631 553 1695 vel
585 1653 654 1721 pars
683 1653 864 1697 anacruseos
885 1632 940 1697 sit:
970 1633 1037 1698 vide
1060 1635 1209 1723 exempla·

131 1731 282 1799 15-20.
332 1731 378 1796 Ea
410 1753 481 1797 vero
510 1753 602 1819 prava
629 1741 673 1797 est
702 1733 822 1799 clivisiot
869 1733 928 1800 Sic.
949 1735 1020 1801 olim
1048 1737 1080 1824 in
1107 1736 1197 1821 Pind.
1316 1823 1320 1826 Α

130 1835 222 1922 Pytu.
245 1832 301 1898 lll.
324 1833 375 1900 97.
397 1832 595 1898 dividebatur:

216 1983 345 2068 ἔτραπεν
366 1982 502 2048 κάκεῖνον
522 1983 648 2071 ἀγάνορι
668 2011 721 2066 μι-

216 2091 288 2173 σθῷ
306 2084 422 2170 χρυσὸς
443 2087 475 2149 ἒν
493 2088 596 2171 χερσὶν
618 2091 730 2170 φαντί.

604 2322 637 2407 e.
659 2321 733 2390 οτι.

220 2491 256 2555 Si
283 2497 380 2555 autem
408 2494 438 2553 in
468 2490 596 2555 thesin
624 2491 688 2554 exit
714 2493 797 2578 prior
827 2512 947 2573 versus,
976 2500 1111 2578 quattuor
1132 2503 1201 2559 suut
1272 2507 1274 2511 ’

135 2591 292 2657 divisionis
320 2591 410 2657 modi.
471 2591 593 2656 Primus
621 2592 652 2657 iu
685 2602 806 2677 utraque
835 2593 971 2659 vocabuli
1003 2602 1086 2684 parte
1118 2596 1200 2660 ausin

134 2693 240 2788 habet,
261 2700 293 2757 ul
315 2694 344 2756 iu
368 2694 512 2780 exemplis
534 2691 639 2758 5-8.
668 2715 707 2757 ex
734 2695 837 2779 quibus
865 2696 994 2782 pessima
1020 2707 1089 2761 sunt
1119 2695 1150 2762 5.
1172 2706 1201 2761 et

135 2794 165 2860 7.
189 2804 221 2860 ut
243 2795 313 2859 olim
336 2795 367 2859 in
388 2793 477 2860 Pind.
499 2794 590 2880 Pyth.
613 2794 697 2863 Vlll.
723 2795 793 2860 129.

221 2926 404 3011 ὑποπτέροις
425 2927 497 2992 ἀνο-

223 3030 305 3117 ράοιις
326 3029 403 3111 ἔχων
425 3030 573 3117 κρέσσονα
595 3026 738 3098 πλοάτον.

138 3191 167 3247 et
187 3182 242 3251 Vl.
265 3183 316 3247 31.

222 3317 395 3398 Μέμνονα·
419 3314 538 3382 Νεστό-

223 3443 303 3501 ρειον
323 3418 381 3503 γὰρ
399 3420 494 3495 ἵππος
515 3415 585 3504 ἅρμ’
611 3421 712 3484 ἐπέδα.

139 3569 221 3644 Quae
243 3581 312 3636 suut
333 3571 452 3636 omnino
473 3570 645 3637 reiiciemla.
695 3571 828 3636 Facilius
856 3580 952 3638 aulem
980 3575 1205 3661 pronuntiantur

139 3672 276 3760 exempla
295 3672 326 3738 6.
350 3682 379 3737 et
399 3672 428 3738 8.
453 3681 482 3737 et
504 3673 531 3736 si
552 3696 608 3759 qua
631 3675 677 3738 his
698 3674 808 3738 similia
830 3682 913 3757 suut,
936 3676 1005 3761 quia
1026 3677 1122 3741 miuus
1144 3687 1204 3740 tur·

140 3774 211 3837 bant
244 3774 392 3861 proprium
441 3774 575 3839 vocabuli
615 3775 892 3862 pronuntiationem.
950 3775 991 3844 Vt
1026 3776 1115 3840 Pind.
1156 3775 1203 3842 01.

139 3870 192 3939 lv.
216 3871 269 3941 16.

222 4004 428 4092 χρονιώτατον
450 4006 530 4093 φάος
551 4007 641 4093 anino-

226 4109 359 4173 οθενέοιν
379 4108 499 4195 ἀρετάν.
