<?xml version="1.0" encoding="UTF-8"?>
<!DOCTYPE html PUBLIC "-//W3C//DTD XHTML 1.0 Transitional//EN"
    "http://www.w3.org/TR/xhtml1/DTD/xhtml1-transitional.dtd">
<html xmlns="http://www.w3.org/1999/xhtml" xml:lang="en" lang="en">
 <head>
  <title>
</title>
<meta http-equiv="Content-Type" content="text/html;charset=utf-8" />
  <meta name='ocr-system' content='tesseract 3.04.00' />
  <meta name='ocr-capabilities' content='ocr_page ocr_carea ocr_par ocr_line ocrx_word'/>
</head>
<body>
  <div class='ocr_page' id='page_1' title='image "./epitomedoctrina00harmgoog_0371.png"; bbox 0 0 2654 4786; ppageno 0'>
   <div class='ocr_carea' id='block_1_1' title="bbox 378 395 1033 455">
    <p class='ocr_par' dir='ltr' id='par_1_1' title="bbox 378 361 1033 455">
     <span class='ocr_line' id='line_1_1' title="bbox 378 395 1033 455; baseline 0.032 -6"><span class='ocrx_word' id='word_1_1' title='bbox 378 406 396 437; x_wconf 68' lang='grc' dir='ltr'>ἰ</span> <span class='ocrx_word' id='word_1_2' title='bbox 412 412 445 445; x_wconf 64' lang='lat'>.‹,</span> <span class='ocrx_word' id='word_1_3' title='bbox 467 414 470 419; x_wconf 89' lang='lat'><em>·</em></span> <span class='ocrx_word' id='word_1_4' title='bbox 501 399 573 455; x_wconf 72' lang='lat' dir='ltr'>una</span> <span class='ocrx_word' id='word_1_5' title='bbox 589 395 844 454; x_wconf 48' lang='lat' dir='ltr'>inpellant-tt</span> <span class='ocrx_word' id='word_1_6' title='bbox 880 397 896 441; x_wconf 77' lang='lat' dir='ltr'>,t</span> <span class='ocrx_word' id='word_1_7' title='bbox 918 398 933 437; x_wconf 67' lang='grc'>·’”</span> <span class='ocrx_word' id='word_1_8' title='bbox 992 402 1033 439; x_wconf 72' lang='grc'>’·’</span> 
     </span>
    </p>
   </div>
   <div class='ocr_carea' id='block_1_2' title="bbox 131 547 1201 1194">
    <p class='ocr_par' dir='ltr' id='par_1_2' title="bbox 584 547 732 635">
     <span class='ocr_line' id='line_1_2' title="bbox 584 547 732 635; baseline 0 -37"><span class='ocrx_word' id='word_1_9' title='bbox 584 547 732 635; x_wconf 44' lang='lat'>5449,</span> 
     </span>
    </p>

    <p class='ocr_par' dir='ltr' id='par_1_3' title="bbox 131 684 1201 1194">
     <span class='ocr_line' id='line_1_3' title="bbox 216 684 1200 781; baseline -0.002 -17"><span class='ocrx_word' id='word_1_10' title='bbox 216 698 265 764; x_wconf 90' lang='lat' dir='ltr'>De</span> <span class='ocrx_word' id='word_1_11' title='bbox 293 700 482 766; x_wconf 73' lang='lat' dir='ltr'>electione</span> <span class='ocrx_word' id='word_1_12' title='bbox 515 700 605 765; x_wconf 80' lang='lat' dir='ltr'>murita</span> <span class='ocrx_word' id='word_1_13' title='bbox 638 708 668 764; x_wconf 89' lang='lat' dir='ltr'>et</span> <span class='ocrx_word' id='word_1_14' title='bbox 694 698 808 764; x_wconf 81' lang='lat' dir='ltr'>m&#39;usl&#39;ci&#39;</span> <span class='ocrx_word' id='word_1_15' title='bbox 826 690 962 781; x_wconf 68' lang='lat' dir='ltr'>leteris,</span> <span class='ocrx_word' id='word_1_16' title='bbox 988 699 1023 762; x_wconf 88' lang='lat' dir='ltr'>ut</span> <span class='ocrx_word' id='word_1_17' title='bbox 1048 684 1200 763; x_wconf 78' lang='lat' dir='ltr'>Aristides</span> 
     </span>
     <span class='ocr_line' id='line_1_4' title="bbox 132 798 1200 890; baseline -0.002 -24"><span class='ocrx_word' id='word_1_18' title='bbox 132 801 333 878; x_wconf 75' lang='lat' dir='ltr'>Quintilianus</span> <span class='ocrx_word' id='word_1_19' title='bbox 363 824 390 890; x_wconf 89' lang='lat' dir='ltr'>p.</span> <span class='ocrx_word' id='word_1_20' title='bbox 412 801 464 867; x_wconf 84' lang='lat'>97.</span> <span class='ocrx_word' id='word_1_21' title='bbox 492 825 555 888; x_wconf 89' lang='lat' dir='ltr'>seq.</span> <span class='ocrx_word' id='word_1_22' title='bbox 584 809 613 864; x_wconf 91' lang='lat' dir='ltr'>et</span> <span class='ocrx_word' id='word_1_23' title='bbox 640 802 775 866; x_wconf 80' lang='lat' dir='ltr'><strong>rhetores</strong></span> <span class='ocrx_word' id='word_1_24' title='bbox 804 801 1017 865; x_wconf 72' lang='lat' dir='ltr'>disseruerunt.</span> <span class='ocrx_word' id='word_1_25' title='bbox 1067 798 1115 864; x_wconf 80' lang='lat' dir='ltr'>lla</span> <span class='ocrx_word' id='word_1_26' title='bbox 1142 822 1200 865; x_wconf 91' lang='lat' dir='ltr'>non</span> 
     </span>
     <span class='ocr_line' id='line_1_5' title="bbox 133 903 1201 991; baseline -0.007 -19"><span class='ocrx_word' id='word_1_27' title='bbox 133 914 199 977; x_wconf 57' lang='lat' dir='ltr'>tam,</span> <span class='ocrx_word' id='word_1_28' title='bbox 220 903 335 990; x_wconf 90' lang='lat' dir='ltr'>regulis</span> <span class='ocrx_word' id='word_1_29' title='bbox 366 904 539 990; x_wconf 85' lang='lat' dir='ltr'>quibusdam</span> <span class='ocrx_word' id='word_1_30' title='bbox 576 903 786 990; x_wconf 88' lang='lat' dir='ltr'>comprehendi</span> <span class='ocrx_word' id='word_1_31' title='bbox 818 911 959 991; x_wconf 79' lang='lat' dir='ltr'>possunt,</span> <span class='ocrx_word' id='word_1_32' title='bbox 993 923 1085 989; x_wconf 22' lang='lat' dir='ltr'>quam·</span> <span class='ocrx_word' id='word_1_33' title='bbox 1111 923 1201 966; x_wconf 89' lang='lat' dir='ltr'>sensu</span> 
     </span>
     <span class='ocr_line' id='line_1_6' title="bbox 131 1003 1200 1095; baseline -0.003 -26"><span class='ocrx_word' id='word_1_34' title='bbox 131 1005 345 1095; x_wconf 89' lang='lat' dir='ltr'>percipiuntur,</span> <span class='ocrx_word' id='word_1_35' title='bbox 367 1005 448 1078; x_wconf 83' lang='lat' dir='ltr'>unde·</span> <span class='ocrx_word' id='word_1_36' title='bbox 464 1004 581 1071; x_wconf 88' lang='lat' dir='ltr'>infinita</span> <span class='ocrx_word' id='word_1_37' title='bbox 602 1005 689 1091; x_wconf 89' lang='lat' dir='ltr'>copia</span> <span class='ocrx_word' id='word_1_38' title='bbox 710 1006 948 1069; x_wconf 90' lang='lat' dir='ltr'>observationum</span> <span class='ocrx_word' id='word_1_39' title='bbox 970 1003 1075 1089; x_wconf 89' lang='lat' dir='ltr'>colligi</span> <span class='ocrx_word' id='word_1_40' title='bbox 1093 1011 1200 1091; x_wconf 89' lang='lat' dir='ltr'>potest.</span> 
     </span>
     <span class='ocr_line' id='line_1_7' title="bbox 131 1104 1201 1194; baseline -0.006 -21"><span class='ocrx_word' id='word_1_41' title='bbox 131 1107 310 1173; x_wconf 81' lang='lat' dir='ltr'>Meminisse</span> <span class='ocrx_word' id='word_1_42' title='bbox 339 1116 433 1170; x_wconf 90' lang='lat' dir='ltr'>autem</span> <span class='ocrx_word' id='word_1_43' title='bbox 457 1113 590 1194; x_wconf 87' lang='lat' dir='ltr'>oportet,</span> <span class='ocrx_word' id='word_1_44' title='bbox 618 1127 708 1192; x_wconf 83' lang='lat' dir='ltr'>saepe</span> <span class='ocrx_word' id='word_1_45' title='bbox 735 1105 813 1170; x_wconf 90' lang='lat' dir='ltr'>idem</span> <span class='ocrx_word' id='word_1_46' title='bbox 841 1129 936 1192; x_wconf 90' lang='lat' dir='ltr'>genus</span> <span class='ocrx_word' id='word_1_47' title='bbox 958 1104 1091 1186; x_wconf 91' lang='lat' dir='ltr'>numeri,</span> <span class='ocrx_word' id='word_1_48' title='bbox 1115 1111 1201 1193; x_wconf 93' lang='lat' dir='ltr'>prout</span> 
     </span>
    </p>
   </div>
   <div class='ocr_carea' id='block_1_3' title="bbox 132 1207 1201 1399">
    <p class='ocr_par' dir='ltr' id='par_1_4' title="bbox 132 1207 1201 1399">
     <span class='ocr_line' id='line_1_8' title="bbox 132 1207 1201 1297; baseline -0.005 -23"><span class='ocrx_word' id='word_1_49' title='bbox 132 1218 183 1274; x_wconf 89' lang='lat' dir='ltr'>aut</span> <span class='ocrx_word' id='word_1_50' title='bbox 203 1208 562 1297; x_wconf 84' lang='lat' dir='ltr'>ipsumalitertractatur‚</span> <span class='ocrx_word' id='word_1_51' title='bbox 584 1216 635 1271; x_wconf 91' lang='lat' dir='ltr'>aut</span> <span class='ocrx_word' id='word_1_52' title='bbox 656 1207 724 1273; x_wconf 84' lang='lat' dir='ltr'>aliis</span> <span class='ocrx_word' id='word_1_53' title='bbox 738 1209 926 1273; x_wconf 89' lang='lat' dir='ltr'>consociatur</span> <span class='ocrx_word' id='word_1_54' title='bbox 948 1207 1092 1288; x_wconf 85' lang='lat' dir='ltr'>numeris,</span> <span class='ocrx_word' id='word_1_55' title='bbox 1113 1207 1201 1272; x_wconf 88' lang='lat' dir='ltr'>aliam</span> 
     </span>
     <span class='ocr_line' id='line_1_9' title="bbox 132 1307 787 1399; baseline -0.005 -23"><span class='ocrx_word' id='word_1_56' title='bbox 132 1321 163 1377; x_wconf 92' lang='lat' dir='ltr'>et</span> <span class='ocrx_word' id='word_1_57' title='bbox 185 1332 275 1399; x_wconf 87' lang='lat' dir='ltr'>saepe</span> <span class='ocrx_word' id='word_1_58' title='bbox 298 1311 477 1376; x_wconf 85' lang='lat' dir='ltr'>contrariam</span> <span class='ocrx_word' id='word_1_59' title='bbox 500 1315 633 1372; x_wconf 88' lang='lat' dir='ltr'>naturam</span> <span class='ocrx_word' id='word_1_60' title='bbox 655 1307 787 1373; x_wconf 85' lang='lat' dir='ltr'>induere.</span> 
     </span>
    </p>
   </div>
   <div class='ocr_carea' id='block_1_4' title="bbox 602 1478 731 1581">
    <p class='ocr_par' dir='ltr' id='par_1_5' title="bbox 602 1478 731 1581">
     <span class='ocr_line' id='line_1_10' title="bbox 602 1478 731 1581; baseline -0.008 -22"><span class='ocrx_word' id='word_1_61' title='bbox 602 1494 636 1581; x_wconf 82' lang='lat'>§-</span> <span class='ocrx_word' id='word_1_62' title='bbox 659 1478 731 1559; x_wconf 77' lang='lat' dir='ltr'>eno.</span> 
     </span>
    </p>
   </div>
   <div class='ocr_carea' id='block_1_5' title="bbox 119 1643 1205 2459">
    <p class='ocr_par' dir='ltr' id='par_1_6' title="bbox 119 1643 1205 2440">
     <span class='ocr_line' id='line_1_11' title="bbox 219 1643 1201 1733; baseline -0.005 -20"><span class='ocrx_word' id='word_1_63' title='bbox 219 1647 422 1713; x_wconf 80' lang='lat' dir='ltr'>Tractatio</span> <span class='ocrx_word' id='word_1_64' title='bbox 446 1647 551 1733; x_wconf 86' lang='lat' dir='ltr'>partim</span> <span class='ocrx_word' id='word_1_65' title='bbox 574 1647 604 1711; x_wconf 91' lang='lat' dir='ltr'>in</span> <span class='ocrx_word' id='word_1_66' title='bbox 628 1646 760 1732; x_wconf 85' lang='lat' dir='ltr'>singulis</span> <span class='ocrx_word' id='word_1_67' title='bbox 778 1646 927 1727; x_wconf 67' lang='lat' dir='ltr'>cumeum,</span> <span class='ocrx_word' id='word_1_68' title='bbox 954 1645 1063 1733; x_wconf 87' lang='lat' dir='ltr'>partim</span> <span class='ocrx_word' id='word_1_69' title='bbox 1086 1644 1118 1711; x_wconf 96' lang='lat' dir='ltr'>in</span> <span class='ocrx_word' id='word_1_70' title='bbox 1140 1643 1201 1733; x_wconf 90' lang='lat' dir='ltr'>plu·</span> 
     </span>
     <span class='ocr_line' id='line_1_12' title="bbox 134 1745 1201 1832; baseline -0.001 -21"><span class='ocrx_word' id='word_1_71' title='bbox 134 1749 211 1812; x_wconf 91' lang='lat' dir='ltr'>rium</span> <span class='ocrx_word' id='word_1_72' title='bbox 239 1767 426 1810; x_wconf 89' lang='lat' dir='ltr'>numerorum</span> <span class='ocrx_word' id='word_1_73' title='bbox 455 1748 662 1811; x_wconf 91' lang='lat' dir='ltr'>coniunctione</span> <span class='ocrx_word' id='word_1_74' title='bbox 690 1747 830 1813; x_wconf 87' lang='lat' dir='ltr'>cernitur.</span> <span class='ocrx_word' id='word_1_75' title='bbox 880 1745 915 1810; x_wconf 91' lang='lat' dir='ltr'>lu</span> <span class='ocrx_word' id='word_1_76' title='bbox 938 1745 1110 1832; x_wconf 67' lang='lat' dir='ltr'>siugulifs</span> <span class='ocrx_word' id='word_1_77' title='bbox 1141 1769 1201 1810; x_wconf 85' lang='lat' dir='ltr'>uu·</span> 
     </span>
     <span class='ocr_line' id='line_1_13' title="bbox 134 1847 1202 1933; baseline 0.001 -22"><span class='ocrx_word' id='word_1_78' title='bbox 134 1848 251 1911; x_wconf 90' lang='lat' dir='ltr'>meris</span> <span class='ocrx_word' id='word_1_79' title='bbox 286 1848 454 1911; x_wconf 83' lang='lat' dir='ltr'>continetur</span> <span class='ocrx_word' id='word_1_80' title='bbox 479 1849 770 1930; x_wconf 82' lang='lat' dir='ltr'>terminatione,</span> <span class='ocrx_word' id='word_1_81' title='bbox 802 1868 894 1933; x_wconf 90' lang='lat' dir='ltr'>eaque</span> <span class='ocrx_word' id='word_1_82' title='bbox 926 1855 956 1910; x_wconf 90' lang='lat' dir='ltr'>et</span> <span class='ocrx_word' id='word_1_83' title='bbox 987 1847 1106 1912; x_wconf 89' lang='lat' dir='ltr'>totius</span> <span class='ocrx_word' id='word_1_84' title='bbox 1142 1870 1202 1912; x_wconf 93' lang='lat' dir='ltr'>nu-</span> 
     </span>
     <span class='ocr_line' id='line_1_14' title="bbox 119 1949 1201 2029; baseline 0.001 -16"><span class='ocrx_word' id='word_1_85' title='bbox 119 1949 225 2029; x_wconf 91' lang='lat' dir='ltr'>meri</span> <span class='ocrx_word' id='word_1_86' title='bbox 255 1957 284 2013; x_wconf 89' lang='lat' dir='ltr'>et</span> <span class='ocrx_word' id='word_1_87' title='bbox 307 1950 599 2013; x_wconf 87' lang='lat' dir='ltr'>membrorum</span> <span class='ocrx_word' id='word_1_88' title='bbox 574 1972 654 2014; x_wconf 89' lang='lat' dir='ltr'>erus.</span> <span class='ocrx_word' id='word_1_89' title='bbox 684 1958 744 2014; x_wconf 91' lang='lat' dir='ltr'>tum</span> <span class='ocrx_word' id='word_1_90' title='bbox 767 1970 1019 2013; x_wconf 87' lang='lat' dir='ltr'>mensurarum</span> <span class='ocrx_word' id='word_1_91' title='bbox 1043 1949 1201 2028; x_wconf 82' lang='lat' dir='ltr'>vicibus3</span> 
     </span>
     <span class='ocr_line' id='line_1_15' title="bbox 135 2049 1203 2167; baseline -0.001 -50"><span class='ocrx_word' id='word_1_92' title='bbox 135 2051 260 2167; x_wconf 86' lang='lat' dir='ltr'>denique</span> <span class='ocrx_word' id='word_1_93' title='bbox 283 2049 461 2116; x_wconf 81' lang='lat' dir='ltr'>licentiis</span> <span class='ocrx_word' id='word_1_94' title='bbox 484 2060 636 2137; x_wconf 91' lang='lat' dir='ltr'>quaesunt</span> <span class='ocrx_word' id='word_1_95' title='bbox 655 2051 686 2115; x_wconf 91' lang='lat' dir='ltr'>in</span> <span class='ocrx_word' id='word_1_96' title='bbox 708 2073 896 2115; x_wconf 85' lang='lat' dir='ltr'>caesurae</span> <span class='ocrx_word' id='word_1_97' title='bbox 910 2051 1203 2154; x_wconf 69' lang='lat' dir='ltr'>obscpuatioue,</span> 
     </span>
     <span class='ocr_line' id='line_1_16' title="bbox 135 2138 1204 2254; baseline 0.002 -39"><span class='ocrx_word' id='word_1_98' title='bbox 135 2153 165 2216; x_wconf 92' lang='lat' dir='ltr'>in</span> <span class='ocrx_word' id='word_1_99' title='bbox 200 2154 407 2217; x_wconf 85' lang='lat' dir='ltr'>mutatione</span> <span class='ocrx_word' id='word_1_100' title='bbox 446 2173 658 2235; x_wconf 81' lang='lat' dir='ltr'>mensurae,</span> <span class='ocrx_word' id='word_1_101' title='bbox 692 2150 723 2216; x_wconf 93' lang='lat' dir='ltr'>in</span> <span class='ocrx_word' id='word_1_102' title='bbox 756 2138 1062 2254; x_wconf 80' lang='lat' dir='ltr'>temperamento</span> <span class='ocrx_word' id='word_1_103' title='bbox 1074 2174 1204 2239; x_wconf 91' lang='lat' dir='ltr'>proso·</span> 
     </span>
     <span class='ocr_line' id='line_1_17' title="bbox 135 2236 1204 2357; baseline 0.002 -40"><span class='ocrx_word' id='word_1_104' title='bbox 135 2251 235 2317; x_wconf 89' lang='lat' dir='ltr'>diae.</span> <span class='ocrx_word' id='word_1_105' title='bbox 294 2252 328 2315; x_wconf 90' lang='lat' dir='ltr'>ln</span> <span class='ocrx_word' id='word_1_106' title='bbox 352 2253 514 2341; x_wconf 75' lang='lat' dir='ltr'>pilonium</span> <span class='ocrx_word' id='word_1_107' title='bbox 543 2261 638 2342; x_wconf 85' lang='lat' dir='ltr'>autem</span> <span class='ocrx_word' id='word_1_108' title='bbox 666 2250 905 2355; x_wconf 78' lang='lat' dir='ltr'>numerorum</span> <span class='ocrx_word' id='word_1_109' title='bbox 935 2236 1204 2357; x_wconf 77' lang='grc' dir='ltr'>ιιιιιίιιιιιιίιιιιι</span> 
     </span>
     <span class='ocr_line' id='line_1_18' title="bbox 135 2335 1205 2459; baseline 0.002 -42"><span class='ocrx_word' id='word_1_110' title='bbox 135 2339 273 2418; x_wconf 83' lang='lat' dir='ltr'>tractatio</span> <span class='ocrx_word' id='word_1_111' title='bbox 297 2355 467 2418; x_wconf 89' lang='lat' dir='ltr'>versatur</span> <span class='ocrx_word' id='word_1_112' title='bbox 459 2377 489 2418; x_wconf 91' lang='lat' dir='ltr'>ru</span> <span class='ocrx_word' id='word_1_113' title='bbox 519 2335 775 2449; x_wconf 81' lang='lat' dir='ltr'>congruentia</span> <span class='ocrx_word' id='word_1_114' title='bbox 791 2342 1006 2437; x_wconf 81' lang='lat' dir='ltr'>numerorum,</span> <span class='ocrx_word' id='word_1_115' title='bbox 1034 2342 1070 2418; x_wconf 83' lang='lat' dir='ltr'>id</span> <span class='ocrx_word' id='word_1_116' title='bbox 1076 2340 1205 2459; x_wconf 74' lang='lat' dir='ltr'>nexu,</span> 
     </span>
    </p>
   </div>
   <div class='ocr_carea' id='block_1_6' title="bbox 135 2432 1205 2619">
    <p class='ocr_par' dir='ltr' id='par_1_7' title="bbox 135 2432 1205 2619">
     <span class='ocr_line' id='line_1_19' title="bbox 135 2432 1205 2556; baseline 0.007 -40"><span class='ocrx_word' id='word_1_117' title='bbox 135 2453 166 2517; x_wconf 87' lang='lat' dir='ltr'>in</span> <span class='ocrx_word' id='word_1_118' title='bbox 189 2455 456 2540; x_wconf 81' lang='lat' dir='ltr'>proportione,</span> <span class='ocrx_word' id='word_1_119' title='bbox 486 2476 581 2556; x_wconf 86' lang='lat' dir='ltr'>quae</span> <span class='ocrx_word' id='word_1_120' title='bbox 573 2463 632 2520; x_wconf 90' lang='lat' dir='ltr'>aut</span> <span class='ocrx_word' id='word_1_121' title='bbox 657 2432 920 2543; x_wconf 75' lang='lat' dir='ltr'>longitudinis</span> <span class='ocrx_word' id='word_1_122' title='bbox 948 2462 1009 2553; x_wconf 87' lang='lat' dir='ltr'>est,</span> <span class='ocrx_word' id='word_1_123' title='bbox 1038 2465 1091 2520; x_wconf 88' lang='lat' dir='ltr'>aut</span> <span class='ocrx_word' id='word_1_124' title='bbox 1111 2452 1205 2549; x_wconf 82' lang='lat' dir='ltr'>pou·</span> 
     </span>
     <span class='ocr_line' id='line_1_20' title="bbox 137 2554 251 2619; baseline -0.01 0"><span class='ocrx_word' id='word_1_125' title='bbox 137 2554 251 2619; x_wconf 87' lang='lat' dir='ltr'>deris.</span> 
     </span>
    </p>
   </div>
   <div class='ocr_carea' id='block_1_7' title="bbox 607 2655 735 2810">
    <p class='ocr_par' dir='ltr' id='par_1_8' title="bbox 607 2655 735 2810">
     <span class='ocr_line' id='line_1_21' title="bbox 607 2655 735 2810; baseline 0 -20"><span class='ocrx_word' id='word_1_126' title='bbox 607 2655 642 2810; x_wconf 71' lang='grc' dir='ltr'>ι,</span> <span class='ocrx_word' id='word_1_127' title='bbox 662 2724 735 2791; x_wconf 80' lang='lat'>551.</span> 
     </span>
    </p>
   </div>
   <div class='ocr_carea' id='block_1_8' title="bbox 138 2874 1212 4176">
    <p class='ocr_par' dir='ltr' id='par_1_9' title="bbox 138 2874 1212 4176">
     <span class='ocr_line' id='line_1_22' title="bbox 221 2874 1209 2961; baseline 0.003 -23"><span class='ocrx_word' id='word_1_128' title='bbox 221 2874 469 2941; x_wconf 83' lang='lat' dir='ltr'>Terminatio</span> <span class='ocrx_word' id='word_1_129' title='bbox 493 2877 612 2942; x_wconf 90' lang='lat' dir='ltr'>totius</span> <span class='ocrx_word' id='word_1_130' title='bbox 635 2877 801 2957; x_wconf 89' lang='lat' dir='ltr'>numeri,</span> <span class='ocrx_word' id='word_1_131' title='bbox 830 2875 967 2961; x_wconf 84' lang='lat' dir='ltr'>quoniam</span> <span class='ocrx_word' id='word_1_132' title='bbox 996 2876 1064 2940; x_wconf 89' lang='lat' dir='ltr'>linis</span> <span class='ocrx_word' id='word_1_133' title='bbox 1093 2877 1209 2942; x_wconf 93' lang='lat' dir='ltr'>numeri</span> 
     </span>
     <span class='ocr_line' id='line_1_23' title="bbox 138 2968 1208 3064; baseline 0.003 -24"><span class='ocrx_word' id='word_1_134' title='bbox 138 2976 289 3062; x_wconf 89' lang='lat' dir='ltr'>cuiusque,</span> <span class='ocrx_word' id='word_1_135' title='bbox 311 2978 519 3042; x_wconf 89' lang='lat' dir='ltr'>resonantibus</span> <span class='ocrx_word' id='word_1_136' title='bbox 541 2978 572 3041; x_wconf 93' lang='lat' dir='ltr'>iu</span> <span class='ocrx_word' id='word_1_137' title='bbox 595 2999 666 3041; x_wconf 88' lang='lat' dir='ltr'>aure</span> <span class='ocrx_word' id='word_1_138' title='bbox 689 2977 867 3062; x_wconf 88' lang='lat' dir='ltr'>aliquamdiu</span> <span class='ocrx_word' id='word_1_139' title='bbox 895 2968 1085 3059; x_wconf 89' lang='lat' dir='ltr'>novissimis,</span> <span class='ocrx_word' id='word_1_140' title='bbox 1113 2978 1208 3064; x_wconf 89' lang='lat' dir='ltr'>iisqne</span> 
     </span>
     <span class='ocr_line' id='line_1_24' title="bbox 138 3077 1209 3167; baseline 0.002 -25"><span class='ocrx_word' id='word_1_141' title='bbox 138 3079 267 3165; x_wconf 86' lang='lat' dir='ltr'>speciem</span> <span class='ocrx_word' id='word_1_142' title='bbox 289 3080 379 3142; x_wconf 89' lang='lat' dir='ltr'>totius</span> <span class='ocrx_word' id='word_1_143' title='bbox 403 3078 517 3141; x_wconf 83' lang='lat' dir='ltr'>numeri</span> <span class='ocrx_word' id='word_1_144' title='bbox 531 3077 749 3167; x_wconf 87' lang='lat' dir='ltr'>perficientibus</span> <span class='ocrx_word' id='word_1_145' title='bbox 763 3079 858 3159; x_wconf 90' lang='lat' dir='ltr'>sonis,</span> <span class='ocrx_word' id='word_1_146' title='bbox 880 3077 1046 3142; x_wconf 88' lang='lat' dir='ltr'>distinctius</span> <span class='ocrx_word' id='word_1_147' title='bbox 1060 3080 1209 3144; x_wconf 85' lang='lat' dir='ltr'>exactius·</span> 
     </span>
     <span class='ocr_line' id='line_1_25' title="bbox 138 3178 1208 3267; baseline 0.004 -26"><span class='ocrx_word' id='word_1_148' title='bbox 138 3200 193 3263; x_wconf 92' lang='lat' dir='ltr'>que</span> <span class='ocrx_word' id='word_1_149' title='bbox 223 3179 394 3261; x_wconf 84' lang='lat' dir='ltr'>exauditur,</span> <span class='ocrx_word' id='word_1_150' title='bbox 430 3179 589 3267; x_wconf 88' lang='lat' dir='ltr'>praecipua</span> <span class='ocrx_word' id='word_1_151' title='bbox 617 3200 688 3243; x_wconf 89' lang='lat' dir='ltr'>cura</span> <span class='ocrx_word' id='word_1_152' title='bbox 720 3178 845 3267; x_wconf 83' lang='lat' dir='ltr'>indiget.</span> <span class='ocrx_word' id='word_1_153' title='bbox 900 3178 986 3246; x_wconf 90' lang='lat' dir='ltr'>Vnde</span> <span class='ocrx_word' id='word_1_154' title='bbox 1019 3201 1079 3244; x_wconf 93' lang='lat' dir='ltr'>non</span> <span class='ocrx_word' id='word_1_155' title='bbox 1113 3178 1208 3246; x_wconf 90' lang='lat' dir='ltr'>solum</span> 
     </span>
     <span class='ocr_line' id='line_1_26' title="bbox 138 3276 1209 3364; baseline 0.004 -22"><span class='ocrx_word' id='word_1_156' title='bbox 138 3276 370 3364; x_wconf 89' lang='lat' dir='ltr'>diligentissime</span> <span class='ocrx_word' id='word_1_157' title='bbox 391 3303 527 3344; x_wconf 85' lang='lat' dir='ltr'>mensura</span> <span class='ocrx_word' id='word_1_158' title='bbox 543 3276 700 3345; x_wconf 73' lang='lat' dir='ltr'>obdervari</span> <span class='ocrx_word' id='word_1_159' title='bbox 724 3278 811 3362; x_wconf 83' lang='lat' dir='ltr'>so&#39;let,</span> <span class='ocrx_word' id='word_1_160' title='bbox 833 3281 884 3344; x_wconf 92' lang='lat' dir='ltr'>sed</span> <span class='ocrx_word' id='word_1_161' title='bbox 908 3280 1027 3344; x_wconf 90' lang='lat' dir='ltr'>multum</span> <span class='ocrx_word' id='word_1_162' title='bbox 1051 3282 1140 3345; x_wconf 89' lang='lat' dir='ltr'>etiam</span> <span class='ocrx_word' id='word_1_163' title='bbox 1162 3302 1209 3346; x_wconf 90' lang='lat' dir='ltr'>re·</span> 
     </span>
     <span class='ocr_line' id='line_1_27' title="bbox 138 3381 1210 3487; baseline 0.004 -44"><span class='ocrx_word' id='word_1_164' title='bbox 138 3381 214 3460; x_wconf 89' lang='lat' dir='ltr'>lert,</span> <span class='ocrx_word' id='word_1_165' title='bbox 243 3403 328 3465; x_wconf 91' lang='lat' dir='ltr'>quam</span> <span class='ocrx_word' id='word_1_166' title='bbox 358 3382 471 3444; x_wconf 89' lang='lat' dir='ltr'>numeri</span> <span class='ocrx_word' id='word_1_167' title='bbox 495 3382 759 3446; x_wconf 84' lang='lat' dir='ltr'>conformationem</span> <span class='ocrx_word' id='word_1_168' title='bbox 783 3384 890 3467; x_wconf 83' lang='lat' dir='ltr'>habeat</span> <span class='ocrx_word' id='word_1_169' title='bbox 911 3383 1089 3487; x_wconf 66' lang='lat' dir='ltr'>terminatio.</span> <span class='ocrx_word' id='word_1_170' title='bbox 1139 3382 1210 3447; x_wconf 89' lang='lat' dir='ltr'>Ele-</span> 
     </span>
     <span class='ocr_line' id='line_1_28' title="bbox 138 3462 1209 3599; baseline 0.006 -56"><span class='ocrx_word' id='word_1_171' title='bbox 138 3481 316 3568; x_wconf 91' lang='lat' dir='ltr'>gantissima</span> <span class='ocrx_word' id='word_1_172' title='bbox 337 3489 383 3544; x_wconf 90' lang='lat' dir='ltr'>est</span> <span class='ocrx_word' id='word_1_173' title='bbox 400 3481 579 3563; x_wconf 88' lang='lat' dir='ltr'>terminatio,</span> <span class='ocrx_word' id='word_1_174' title='bbox 598 3505 671 3599; x_wconf 84' lang='lat' dir='ltr'>quae</span> <span class='ocrx_word' id='word_1_175' title='bbox 690 3483 726 3547; x_wconf 91' lang='lat' dir='ltr'>lit</span> <span class='ocrx_word' id='word_1_176' title='bbox 737 3462 841 3547; x_wconf 80' lang='lat' dir='ltr'>ordine</span> <span class='ocrx_word' id='word_1_177' title='bbox 860 3465 1042 3565; x_wconf 78' lang='grc' dir='ltr'>ιιιιιιΙιιιίιιι,</span> <span class='ocrx_word' id='word_1_178' title='bbox 1060 3491 1091 3548; x_wconf 89' lang='lat' dir='ltr'>ut</span> <span class='ocrx_word' id='word_1_179' title='bbox 1105 3485 1209 3549; x_wconf 88' lang='lat' dir='ltr'>remis·</span> 
     </span>
     <span class='ocr_line' id='line_1_29' title="bbox 140 3581 1210 3672; baseline 0.004 -26"><span class='ocrx_word' id='word_1_180' title='bbox 140 3582 205 3646; x_wconf 89' lang='lat' dir='ltr'>sior</span> <span class='ocrx_word' id='word_1_181' title='bbox 226 3582 256 3644; x_wconf 93' lang='lat' dir='ltr'>in</span> <span class='ocrx_word' id='word_1_182' title='bbox 279 3581 347 3645; x_wconf 90' lang='lat' dir='ltr'>line.</span> <span class='ocrx_word' id='word_1_183' title='bbox 372 3581 454 3646; x_wconf 85' lang='lat' dir='ltr'>Sed</span> <span class='ocrx_word' id='word_1_184' title='bbox 447 3605 476 3645; x_wconf 94' lang='lat' dir='ltr'>m</span> <span class='ocrx_word' id='word_1_185' title='bbox 495 3583 655 3647; x_wconf 87' lang='lat' dir='ltr'>trochaicis</span> <span class='ocrx_word' id='word_1_186' title='bbox 669 3586 810 3665; x_wconf 80' lang='lat' dir='ltr'>rrunreris,</span> <span class='ocrx_word' id='word_1_187' title='bbox 831 3585 906 3670; x_wconf 90' lang='lat' dir='ltr'>quod</span> <span class='ocrx_word' id='word_1_188' title='bbox 921 3608 1015 3672; x_wconf 92' lang='lat' dir='ltr'>genus</span> <span class='ocrx_word' id='word_1_189' title='bbox 1030 3608 1088 3650; x_wconf 93' lang='lat' dir='ltr'>non</span> <span class='ocrx_word' id='word_1_190' title='bbox 1102 3595 1210 3650; x_wconf 89' lang='lat' dir='ltr'>estve</span> 
     </span>
     <span class='ocr_line' id='line_1_30' title="bbox 140 3683 1211 3763; baseline 0.003 -16"><span class='ocrx_word' id='word_1_191' title='bbox 140 3683 274 3763; x_wconf 84' lang='lat' dir='ltr'>lremens,</span> <span class='ocrx_word' id='word_1_192' title='bbox 295 3683 383 3746; x_wconf 92' lang='lat' dir='ltr'>etiam</span> <span class='ocrx_word' id='word_1_193' title='bbox 403 3683 580 3760; x_wconf 78' lang='lat' dir='ltr'>acatalectus</span> <span class='ocrx_word' id='word_1_194' title='bbox 600 3684 859 3749; x_wconf 81' lang='lat' dir='ltr'>ordo&#39;offunsione</span> <span class='ocrx_word' id='word_1_195' title='bbox 878 3700 968 3750; x_wconf 88' lang='lat' dir='ltr'>caret.</span> <span class='ocrx_word' id='word_1_196' title='bbox 996 3685 1211 3752; x_wconf 78' lang='lat' dir='ltr'>vehementior</span> 
     </span>
     <span class='ocr_line' id='line_1_31' title="bbox 139 3783 1210 3870; baseline 0.006 -23"><span class='ocrx_word' id='word_1_197' title='bbox 139 3784 276 3870; x_wconf 88' lang='lat' dir='ltr'>dactylus</span> <span class='ocrx_word' id='word_1_198' title='bbox 299 3792 359 3848; x_wconf 84' lang='lat' dir='ltr'>est:</span> <span class='ocrx_word' id='word_1_199' title='bbox 383 3783 458 3846; x_wconf 90' lang='lat' dir='ltr'>uude</span> <span class='ocrx_word' id='word_1_200' title='bbox 481 3783 584 3848; x_wconf 83' lang='lat' dir='ltr'>rarior.</span> <span class='ocrx_word' id='word_1_201' title='bbox 601 3786 640 3849; x_wconf 88' lang='lat' dir='ltr'>in·</span> <span class='ocrx_word' id='word_1_202' title='bbox 655 3785 1210 3853; x_wconf 81' lang='lat' dir='ltr'>hocnumeroacatalecto-terminatio.</span> 
     </span>
     <span class='ocr_line' id='line_1_32' title="bbox 139 3876 1212 3975; baseline 0.004 -27"><span class='ocrx_word' id='word_1_203' title='bbox 139 3884 247 3948; x_wconf 89' lang='lat' dir='ltr'>Multo·</span> <span class='ocrx_word' id='word_1_204' title='bbox 270 3876 472 3949; x_wconf 86' lang='lat' dir='ltr'>vehementior</span> <span class='ocrx_word' id='word_1_205' title='bbox 497 3905 594 3971; x_wconf 86' lang='lat' dir='ltr'>paeon</span> <span class='ocrx_word' id='word_1_206' title='bbox 622 3888 751 3973; x_wconf 85' lang='lat' dir='ltr'>primus:</span> <span class='ocrx_word' id='word_1_207' title='bbox 780 3884 870 3972; x_wconf 84' lang='lat' dir='ltr'>quare</span> <span class='ocrx_word' id='word_1_208' title='bbox 896 3889 948 3953; x_wconf 81' lang='lat' dir='ltr'>nic</span> <span class='ocrx_word' id='word_1_209' title='bbox 975 3910 1118 3975; x_wconf 86' lang='lat' dir='ltr'>nusquam</span> <span class='ocrx_word' id='word_1_210' title='bbox 1148 3889 1212 3953; x_wconf 83' lang='lat' dir='ltr'>linit</span> 
     </span>
     <span class='ocr_line' id='line_1_33' title="bbox 140 3985 1211 4078; baseline 0.008 -31"><span class='ocrx_word' id='word_1_211' title='bbox 140 4006 265 4050; x_wconf 86' lang='lat' dir='ltr'>versum.</span> <span class='ocrx_word' id='word_1_212' title='bbox 307 3985 452 4070; x_wconf 84' lang='lat' dir='ltr'>Magnam</span> <span class='ocrx_word' id='word_1_213' title='bbox 475 3987 692 4056; x_wconf 88' lang='lat' dir='ltr'>contentionem</span> <span class='ocrx_word' id='word_1_214' title='bbox 716 3990 868 4074; x_wconf 82' lang='lat' dir='ltr'>requirunt</span> <span class='ocrx_word' id='word_1_215' title='bbox 889 3989 1012 4054; x_wconf 88' lang='lat' dir='ltr'>ordines</span> <span class='ocrx_word' id='word_1_216' title='bbox 1033 3991 1211 4078; x_wconf 75' lang='lat' dir='ltr'>hypercata-</span> 
     </span>
     <span class='ocr_line' id='line_1_34' title="bbox 139 4085 1212 4176; baseline 0 -23"><span class='ocrx_word' id='word_1_217' title='bbox 139 4085 227 4168; x_wconf 88' lang='lat' dir='ltr'>lecti,</span> <span class='ocrx_word' id='word_1_218' title='bbox 258 4087 295 4153; x_wconf 91' lang='lat' dir='ltr'>ob</span> <span class='ocrx_word' id='word_1_219' title='bbox 324 4109 446 4176; x_wconf 74' lang='lat' dir='ltr'>eantque</span> <span class='ocrx_word' id='word_1_220' title='bbox 474 4089 720 4154; x_wconf 84' lang='lat' dir='ltr'>caussam-ualde</span> <span class='ocrx_word' id='word_1_221' title='bbox 748 4091 808 4156; x_wconf 86' lang='lat' dir='ltr'>ruri</span> <span class='ocrx_word' id='word_1_222' title='bbox 835 4098 913 4156; x_wconf 83' lang='lat' dir='ltr'>sunt.</span> <span class='ocrx_word' id='word_1_223' title='bbox 938 4090 1018 4156; x_wconf 77' lang='lat' dir='ltr'>=Est</span> <span class='ocrx_word' id='word_1_224' title='bbox 1043 4093 1135 4157; x_wconf 81' lang='lat' dir='ltr'>etiam</span> <span class='ocrx_word' id='word_1_225' title='bbox 1164 4090 1212 4156; x_wconf 78' lang='lat' dir='ltr'>ulai</span> 
     </span>
    </p>
   </div>
   <div class='ocr_carea' id='block_1_9' title="bbox 0 0 1344 4786">
    <p class='ocr_par' dir='ltr' id='par_1_10' title="bbox 0 0 1344 4786">
     <span class='ocr_line' id='line_1_35' title="bbox 0 0 1344 4786; baseline 0 0"><span class='ocrx_word' id='word_1_226' title='bbox 0 0 1344 4786; x_wconf 95' lang='lat' dir='ltr'> </span> 
     </span>
    </p>
   </div>
  </div>
 </body>
</html>
