2654 4786
371 359 379 374 r
497 402 568 456 utu.
585 404 631 457 lll.
666 403 744 456 GAP.
761 401 859 455 XVlll.

593 553 628 638 ς.
656 552 729 618 ona.

213 685 367 750 Secundus
389 685 493 750 modus
514 693 560 751 cst
581 688 625 768 is,
648 709 703 773 quo
728 687 810 775 prior
832 685 948 772 quidem
970 705 1041 771 linus
1065 684 1196 748 vocabuli

129 787 233 851 arsin
257 787 365 867 babet,
397 787 525 850 secunda
558 797 655 852 autem
689 790 719 852 in
752 786 890 852 auacvusi
922 784 1076 866 consistit,
1107 796 1137 850 ut
1168 791 1193 848 in

128 888 273 975 exemplis
299 887 455 953 21.-29.
483 888 560 974 quod
582 910 678 975 gcnus
700 888 879 954 divisionum
901 887 1060 976 pessimum
1083 895 1146 968 cst,
1168 897 1196 950 nt

130 987 198 1053 oliuo
222 988 252 1052 in
274 988 364 1052 Pintl.
385 988 475 1075 Pytb.
498 988 536 1052 X.
560 988 610 1054 16,

202 1122 298 1209 Ιτέλος
319 1119 399 1204 ἀρχά
421 1147 453 1185 τε
475 1123 594 1200 δαίμο-

212 1248 262 1299 νος
283 1222 435 1307 ὀρνύντος,
458 1220 590 1298 αὔξεται.

128 1384 157 1438 et
178 1375 263 1462 peius
285 1376 384 1458 etiam,
407 1377 502 1463 qualis
524 1372 757 1440 constituebatur
778 1376 809 1439 in
826 1374 985 1463 Sophoclis
1004 1373 1112 1460 Antig.
1128 1373 1193 1439 ¹52.

210 1514 294 1573 θεῶν
315 1510 349 1574 δὲ
370 1509 463 1587 ναοὺς
481 1518 586 1595 χοροῖς
607 1505 719 1573 παννύ-

209 1634 276 1692 χοις
298 1609 414 1715 πάντας
435 1613 620 1692 ἐπέλθωμεν.

126 1760 187 1826 Scd
209 1761 305 1826 fertur
326 1763 399 1827 baec
414 1763 545 1845 divisio,
568 1764 618 1828 ubi
640 1762 758 1848 longam
787 1763 884 1827 tbosin
914 1763 1013 1826 brovis
1042 1762 1192 1827 anacrusiv

126 1863 254 1950 excipit,
281 1884 355 1948 quaa
382 1865 459 1928 ratio
488 1886 580 1952 propo
610 1864 725 1928 accedit
751 1863 787 1928 ad
812 1863 947 1927 uuitatam
969 1861 1108 1927 vocabuli
1129 1883 1193 1950 pro·

125 1963 351 2047 nuntiationem,
373 1972 405 2029 nt
426 1965 456 2029 in
480 1969 614 2054 exemplo
636 1961 688 2030 24.
718 1964 772 2030 Sic
784 1964 933 2032 Pindarus
943 1962 1036 2052 Pytn.
1047 1962 1133 2032 Vlll.
1145 1963 1191 2028 20.

213 2097 329 2184 Τυφὼς
351 2100 442 2176 Κίλιξ
463 2097 649 2185 ἑκατόγκρα-

210 2225 261 2276 νος
281 2197 318 2264 οὔ
337 2226 392 2282 μιν
412 2198 528 2277 ἄλυξεν.

591 2387 625 2472 a.
648 2381 720 2450 col.

210 2516 337 2583 Tertius
365 2519 467 2584 movlus
495 2528 557 2604 cst,
586 2542 673 2608 quum
700 2519 783 2608 prior
811 2521 892 2583 vocis
921 2541 990 2607 pars
1017 2518 1081 2584 arsi
1104 2528 1191 2600 caret,

125 2641 185 2684 uon
208 2625 303 2684 antem
326 2621 465 2702 secunda,
489 2623 570 2686 utin
593 2621 737 2710 exemplis
759 2617 896 2686 9.-14.
930 2618 1015 2684 llaoc
1036 2642 1130 2709 prava
1151 2619 1190 2686 oi·

126 2720 200 2785 visio
222 2728 277 2803 est,
299 2731 331 2787 ut
353 2720 421 2786 olim
443 2722 532 2788 Pind.
554 2723 646 2810 Pytb.
666 2723 708 2788 ll.
729 2719 782 2787 84.

94 2854 100 2861 ¹
210 2854 339 2938 ἐμίγνυτ’
363 2858 394 2919 ἒν
414 2859 482 2918 Ποι-

211 2958 277 3020 λίου
299 2966 440 3042 σφυροῖς,
464 2960 496 3021 ἐκ
517 2954 544 3021 ‹l'
568 2956 702 3042 ἐγένοντο
724 2953 891 3042 στρατός·

125 3108 166 3172 Et
188 3109 272 3198 peior
294 3111 394 3192 etiam,
416 3112 443 3175 si
466 3111 557 3196 longa
578 3118 623 3176 ost
644 3110 811 3192 anacrusis,
834 3120 864 3174 ut
884 3112 971 3175 Nem.
993 3108 1047 3177 lv.
1069 3108 1122 3176 82.

208 3241 422 3326 Νεοπτόλεμος
444 3245 470 3309 ‹l'
494 3244 528 3309 ol·

210 3345 301 3432 πείρῳ
324 3348 500 3436 διαπρυσίᾳ.

594 3515 629 3600 ς.
650 3512 723 3580 ona.

210 3647 339 3722 Quartus
356 3646 469 3731 modun,
492 3649 577 3736 isquo
598 3650 679 3714 omni
701 3671 741 3714 cx
761 3650 1002 3739 pautopcssinuus
1024 3660 1081 3731 cst,
1105 3672 1189 3736 quun

125 3758 247 3836 utraque
268 3748 402 3815 vocabuli
431 3772 500 3838 pars
522 3752 582 3816 ictu
605 3759 702 3833 caret,
729 3774 821 3837 caque
842 3774 877 3815 ro
900 3759 961 3816 tota
982 3772 1042 3815 vox
1063 3751 1094 3815 in
1119 3752 1189 3819 duaa

124 3873 246 3917 numero
268 3851 423 3917 destitutas
444 3862 544 3939 partos
566 3851 684 3917 diffluit.
726 3852 768 3921 Vt
789 3852 865 3940 apud
888 3853 976 3918 Pind.
1000 3853 1047 3920 Ol.
1071 3852 1094 3919 l.
1117 3853 1148 3919 3.

208 3983 261 4051 ἅτε
283 3986 439 4072 διαπρέπει
461 4012 511 4050 νυ-

208 4090 255 4152 κτὶ
275 4086 443 4173 μεγάνορος
463 4084 555 4171 ἔξοχα
578 4082 721 4152 πλούτου·
