2654 4786
128 364 191 431 m
493 381 801 437 mmmm

128 531 189 596 Sed
217 553 303 618 quum
332 533 452 598 omnino
481 533 580 598 rarior
609 554 679 598 usus
711 540 758 597 est
788 532 903 597 numeri
934 533 1095 618 paeonici,
1134 540 1193 598 tum

128 633 254 723 stmphi,
277 635 364 716 dasii,
386 634 543 722 symplecti
565 636 592 700 si
614 635 729 722 quando
746 634 945 716 inveniuntur,
967 656 1027 700 non
1044 642 1144 700 certas
1166 642 1195 699 et

127 735 249 800 stabiles
271 736 384 801 lormas
407 736 525 806 babent.
574 737 739 802 Praeterea
769 744 801 803 ut
825 736 856 799 in
884 735 1040 823 dactylicis
1062 737 1193 801 numeris

127 847 206 919 sunt,
228 837 278 922 qui
298 837 452 902 iambicam
474 837 633 902 anacrusin
655 837 795 919 babeant,
817 837 858 902 ita
879 838 967 902 etiam
987 837 1128 926 paeonici
1141 838 1193 902 alii

128 959 192 1001 cum
215 937 352 1021 iambica,
373 938 426 1003 alii
448 960 512 1004 curn
535 940 723 1027 anapaestica
744 939 883 1004 anacrusi
904 939 977 1003 lacti
997 948 1076 1007 sunt.
1104 938 1192 1005 Cata·

126 1039 205 1103 lexis
233 1040 265 1103 lit
292 1040 322 1104 in
346 1039 550 1126 trisyllabum,
576 1041 606 1104 in
630 1040 824 1127 disyllabum,
846 1040 876 1104 in
898 1039 1053 1126 syllabam.
1097 1041 1193 1127 Atque

128 1143 183 1206 boc
206 1162 319 1227 quoque
341 1142 372 1205 in
394 1163 505 1229 genere
528 1164 662 1206 versuum
686 1142 799 1228 singuli
819 1142 910 1229 pedes
939 1150 1033 1207 metra
1055 1164 1074 1206 a
1095 1165 1192 1231 gram·

127 1243 242 1307 maticis
264 1249 413 1307 vocantur.

209 1495 442 1564 Vsitetissimum
465 1518 560 1583 genus
582 1496 670 1584 primi
691 1516 821 1583 paeones
842 1500 926 1577 sunt,
948 1497 1045 1561 minus
1068 1497 1115 1561 illi
1136 1507 1192 1564 tra·

126 1597 204 1679 gicis
222 1619 306 1682 quam
323 1598 444 1662 comicis
459 1598 601 1684 usurpati,
623 1596 699 1683 apud
722 1617 796 1681 quos
819 1605 1045 1663 tetrameter
1066 1600 1192 1664 maxime

128 1697 376 1762 catalecticus
405 1699 441 1761 in
469 1697 716 1783 trisyllabum
745 1697 914 1781 invenitur,
942 1699 992 1785 qui
1020 1721 1060 1763 ex
1082 1700 1192 1765 duobus

127 1798 281 1862 ordinibus
309 1807 441 1882 constat,
476 1820 628 1863 caesuram
662 1798 773 1863 babens
802 1799 833 1862 in
860 1799 919 1864 fine
946 1801 1071 1864 secundi
1101 1801 1191 1889 pedis,

127 1920 200 1984 quate
221 1910 318 1963 temen
340 1900 487 1965 interdum
509 1899 683 1986 negligitur.
732 1898 860 1968 Vltimus
891 1923 944 1989 pes
975 1901 1112 1990 dactylus
1139 1910 1192 1984 eet,

125 2001 178 2065 sed
201 2009 321 2088 propter
342 2002 499 2090 ancipitem
521 2023 611 2088 saepe
633 1999 780 2066 Creticus.

210 2111 235 2182 ὦ
257 2116 326 2183 πόλι
347 2120 422 2204 φίλη
444 2118 606 2204 Κέκροπος
627 2105 780 2203 absconde
798 2116 926 2200 Ἀττική,

207 2229 304 2304 χαῖρε,
325 2221 456 2306 λιπαρὸν
476 2217 618 2298 δάπεδον,
640 2210 744 2303 οὖθαρ
766 2217 889 2303 ἀγαθῆς
903 2217 1029 2302 χθονός.

127 2354 203 2422 Vide
225 2355 382 2443 Aristopb.
404 2355 495 2444 Veep.
523 2353 612 2422 1275.
634 2376 715 2443 seqq.

588 2523 622 2609 a.
650 2519 724 2589 mr.

210 2655 296 2731 Quod
319 2657 502 2746 Hephaestio
525 2659 611 2742 dicit,
639 2657 870 2746 Aristophanem
897 2658 928 2723 in
951 2658 1085 2749 Georgia
1107 2661 1194 2725 etiam

126 2770 229 2845 quarto
252 2781 366 2847 paeone
389 2780 443 2846 pro
466 2760 561 2847 primo
584 2782 668 2825 usum
689 2781 768 2842 esee,

211 2880 242 2942 ἓν
264 2877 362 2968 ἀγορᾷ
384 2875 410 2940 d'
436 2873 475 2941 οὗ
497 2873 652 2942 πλάτανον
673 2870 705 2941 ed
727 2874 979 2962 διοφστεῦσομεν,

126 3014 158 3077 in
191 3013 341 3103 secundis,
358 3013 682 3102 Thesmophoriazusis
717 3021 814 3079 autern
847 3035 937 3102 saepe
969 3014 1058 3079 etiam
1092 3016 1196 3103 pedem

127 3114 276 3192 Creticum
299 3116 404 3181 mediis
427 3117 562 3181 versibus
584 3115 766 3198 inseruisse,
794 3126 968 3203 argumento
998 3125 1059 3198 est,
1093 3138 1195 3182 versus

126 3214 194 3278 illos
217 3236 276 3279 non
298 3217 459 3303 paeonicos
480 3217 586 3298 fuisse,
608 3216 659 3280 sed
674 3216 820 3281 Creticus.
843 3217 1037 3304 Quamquam,
1060 3226 1196 3306 utsupra

127 3315 233 3378 dictum
256 3314 290 3400 ᾧ.
316 3317 384 3382 199.
408 3340 446 3383 ne
467 3319 526 3405 ipsi
548 3317 665 3404 quidem
687 3333 803 3382 veteres
818 3316 927 3382 Graeci
949 3341 988 3383 ex
1010 3320 1090 3409 omni
1115 3328 1208 3408 parte,

126 3416 302 3480 distinxisse
323 3441 474 3482 numerum
498 3420 647 3484 Creticum
670 3428 700 3481 et
720 3419 894 3506 paeonicum
917 3421 1062 3485 videntur.

593 3585 628 3670 e.
650 3582 723 3651 me.

209 3718 401 3784 Pentametro
431 3720 602 3785 catalectico
630 3722 661 3785 in
695 3721 879 3808 trisyllabum
914 3744 983 3786 usus
1011 3731 1058 3788 est
1093 3725 1195 3789 Theo·

125 3842 248 3908 pompus
272 3822 302 3883 in
324 3821 455 3884 Παιοίνε

211 3935 294 4002 πάντ’
320 3937 426 4022 ἀγαθοὶ
449 3935 487 4022 δή
508 3939 625 4023 γέγονεν
646 3935 794 4024 ἀνδράσιν
815 3942 890 4023 ἐμῆς
912 3939 972 4005 ἀπὸ
991 3945 1167 4019 συνουσίας.

127 4073 186 4138 Hic
208 4097 321 4163 quoque
342 4076 458 4142 videtur
480 4098 633 4160 caesuram
655 4077 686 4140 in
711 4077 833 4142 secundi
856 4077 941 4165 pedis
963 4077 1022 4144 fine
1044 4079 1194 4148 habuisse.
