2654 4786
299 393 349 448 oo
365 393 523 448 murreus
541 394 746 450 rarmurrrs
763 395 1026 453 ucurauoerus.
1153 377 1197 447 57

126 542 229 609 Nemo
250 543 333 610 euim
351 545 383 610 io
403 546 510 634 prima,
531 567 591 611 non
612 544 643 613 io
666 546 1064 636 secuulaproceleuematicl
1080 548 1197 637 eyllaha

127 645 222 710 ictum
243 645 367 712 notabit
414 645 519 734 ltaque
540 647 606 715 iure
626 656 800 732 statuemus,
821 649 940 738 dactylo
953 649 1086 717 trochaei
1103 650 1197 716 vicem

127 746 246 812 tenenti
277 754 359 813 recte
389 746 551 815 succedero
579 748 777 834 tribrachum,
813 749 863 837 qui
896 749 1012 838 quidem
1045 751 1133 818 ictum
1166 753 1198 817 iu

127 846 230 936 prima
249 848 366 936 syllaba
385 849 501 916 haheat.

596 1035 632 1122 ς.
655 1034 726 1104 ree.

217 1166 356 1235 Secunda
375 1169 454 1236 ratio
475 1170 550 1237 haec
571 1180 632 1238 eet:

128 1879 195 1946 nie
221 1881 254 1946 εἰ·
275 1903 314 1946 ex
342 1883 614 1968 grammaticorum
628 1883 776 1949 sententia
804 1884 881 1950 ictus
902 1892 1065 1974 pouuutor,
1088 1886 1201 1974 pariter

128 1980 313 2071 pervertitur
333 2004 490 2068 uumerus,
516 1984 659 2050 trochaeo
682 1993 793 2052 muhto
814 1987 848 2052 io
869 1986 1177 2075 proceleusmaticum:

233 2082 398 2151 υΙόυυυ
412 2084 453 2154 Ι-
771 2083 777 2095 ’

130 2185 182 2252 εἰει
201 2204 242 2251 ex
262 2194 367 2252 nostra
393 2186 557 2270 ualentia,
590 2187 707 2270 lahorat
733 2187 994 2275 grammaticorum
1027 2188 1200 2280 descriptio,

129 2286 233 2353 ianho
253 2287 285 2353 iu
304 2286 597 2377 proceleusmaticum
619 2296 750 2355 mutato:

234 2388 341 2437 υυόυ
354 2389 359 2460 l
372 2389 419 2437 υ-ἰ

130 2489 177 2558 Ac
195 2490 247 2556 hic
266 2512 381 2579 quoque
401 2513 461 2558 uou
482 2491 574 2558 cluhia
594 2491 770 2558 auctoritate
790 2489 898 2557 Latini
922 2498 1028 2581 poetae
1049 2514 1069 2558 a
1088 2494 1200 2560 nostrie

130 2592 267 2683 portiom
288 2601 378 2664 ataut.
409 2593 437 2661 ll
458 2592 586 2661 Graecia
606 2593 704 2682 poetis
723 2612 784 2659 uou
805 2593 902 2658 haheo
923 2593 1091 2683 exemplum
1112 2592 1202 2662 huius

131 2696 272 2778 formae,
314 2693 393 2782 quod
424 2694 469 2762 ita
492 2702 613 2760 certum
643 2694 705 2777 eit,
737 2703 770 2760 ut
803 2695 1021 2760 correctionem
1052 2694 1201 2762 excludat

131 2795 291 2886 Aristoph.
317 2795 443 2863 Thesm.
470 2793 544 2862 285.
592 2795 789 2862 Damoxeuue
825 2794 903 2884 apoll
928 2795 1116 2864 Athenaeum
1143 2796 1201 2863 Ill.

130 2896 259 2987 phem
279 2895 318 2964 A.
457 2908 460 2913 '
954 2953 957 2958 .

217 2996 254 3064 τὸ
276 2994 421 3074 πόπανον,
442 2994 525 3074 ὅπως
544 3002 686 3078 λαβοῦσα
707 2993 799 3062 θύσω
819 3004 888 3062 εαῖν
908 3001 1007 3061 θεαῖν.

217 3101 312 3167 ἐνίοτε
334 3099 360 3164 δ’
383 3096 525 3185 ἀφεστὼς
545 3094 801 3186 παρακελεύομαι,
822 3093 929 3163 πόθεν.

554 3316 557 3323 ·
601 3283 645 3370 5.-
658 3283 731 3352 lea.

218 3436 331 3505 Tertia
351 3437 429 3504 ratio
450 3445 497 3505 eet
516 3437 606 3504 haee:

225 3607 295 3656 ·υέ
344 3605 420 3675 ull

139 3842 183 3911 lla
202 3818 265 3913 rl'ou
291 3818 440 3935 repugnat
464 3814 583 3937 legihpe
603 3843 880 3933 grammaticorum,
908 3842 962 3908 seo
989 3848 1092 3932 aperte
1117 3839 1202 3907 vitiat

142 3950 301 4031 numerum,
322 3946 616 4036 proceleusmaticum
637 3967 692 4036 pro
714 3945 854 4015 trochaeo
878 3944 1038 4013 exhihere:

237 4040 413 4181 ἔῦνυυΙέ.
442 4134 459 4157 ·.·
534 4138 537 4143 ·
