<?xml version="1.0" encoding="UTF-8"?>
<!DOCTYPE html PUBLIC "-//W3C//DTD XHTML 1.0 Transitional//EN"
    "http://www.w3.org/TR/xhtml1/DTD/xhtml1-transitional.dtd">
<html xmlns="http://www.w3.org/1999/xhtml" xml:lang="en" lang="en">
 <head>
  <title>
</title>
<meta http-equiv="Content-Type" content="text/html;charset=utf-8" />
  <meta name='ocr-system' content='tesseract 3.04.00' />
  <meta name='ocr-capabilities' content='ocr_page ocr_carea ocr_par ocr_line ocrx_word'/>
</head>
<body>
  <div class='ocr_page' id='page_1' title='image "./epitomedoctrina00harmgoog_0423.png"; bbox 0 0 2654 4786; ppageno 0'>
   <div class='ocr_carea' id='block_1_1' title="bbox 168 397 871 474">
    <p class='ocr_par' dir='ltr' id='par_1_1' title="bbox 168 397 871 474">
     <span class='ocr_line' id='line_1_1' title="bbox 168 397 871 474; baseline 0.006 -6"><span class='ocrx_word' id='word_1_1' title='bbox 168 397 233 468; x_wconf 63' lang='lat' dir='ltr'>m</span> <span class='ocrx_word' id='word_1_2' title='bbox 527 418 871 474; x_wconf 65' lang='lat' dir='ltr'>mmmmm</span> 
     </span>
    </p>
   </div>
   <div class='ocr_carea' id='block_1_2' title="bbox 167 566 1237 1036">
    <p class='ocr_par' dir='ltr' id='par_1_2' title="bbox 167 566 1237 1036">
     <span class='ocr_line' id='line_1_2' title="bbox 167 566 1236 636; baseline 0.001 -3"><span class='ocrx_word' id='word_1_3' title='bbox 167 568 337 634; x_wconf 88' lang='lat' dir='ltr'>videantur:</span> <span class='ocrx_word' id='word_1_4' title='bbox 360 571 441 634; x_wconf 91' lang='lat' dir='ltr'>utin</span> <span class='ocrx_word' id='word_1_5' title='bbox 465 569 643 636; x_wconf 89' lang='lat' dir='ltr'>Prometheo</span> <span class='ocrx_word' id='word_1_6' title='bbox 674 593 699 636; x_wconf 89' lang='lat' dir='ltr'>v.</span> <span class='ocrx_word' id='word_1_7' title='bbox 726 569 798 635; x_wconf 79' lang='lat'><strong>425.</strong></span> <span class='ocrx_word' id='word_1_8' title='bbox 821 569 895 635; x_wconf 81' lang='lat'><strong>900.</strong></span> <span class='ocrx_word' id='word_1_9' title='bbox 918 570 948 632; x_wconf 92' lang='lat' dir='ltr'>iu</span> <span class='ocrx_word' id='word_1_10' title='bbox 973 566 1076 632; x_wconf 85' lang='lat' dir='ltr'>Persis</span> <span class='ocrx_word' id='word_1_11' title='bbox 1098 568 1150 633; x_wconf 83' lang='grc'>93.</span> <span class='ocrx_word' id='word_1_12' title='bbox 1174 568 1236 634; x_wconf 85' lang='lat' dir='ltr'>Sed</span> 
     </span>
     <span class='ocr_line' id='line_1_3' title="bbox 168 670 1235 760; baseline -0.002 -25"><span class='ocrx_word' id='word_1_13' title='bbox 168 671 345 752; x_wconf 88' lang='lat' dir='ltr'>cavendum,</span> <span class='ocrx_word' id='word_1_14' title='bbox 372 691 410 735; x_wconf 86' lang='lat' dir='ltr'>uc</span> <span class='ocrx_word' id='word_1_15' title='bbox 435 671 510 736; x_wconf 87' lang='lat' dir='ltr'>haec</span> <span class='ocrx_word' id='word_1_16' title='bbox 538 673 655 760; x_wconf 90' lang='lat' dir='ltr'>species</span> <span class='ocrx_word' id='word_1_17' title='bbox 683 671 818 736; x_wconf 88' lang='lat' dir='ltr'>fraudem</span> <span class='ocrx_word' id='word_1_18' title='bbox 845 671 944 735; x_wconf 87' lang='lat' dir='ltr'>faciat.</span> <span class='ocrx_word' id='word_1_19' title='bbox 993 670 1069 733; x_wconf 93' lang='lat' dir='ltr'>Nam</span> <span class='ocrx_word' id='word_1_20' title='bbox 1091 691 1183 758; x_wconf 88' lang='lat' dir='ltr'>saepe</span> <span class='ocrx_word' id='word_1_21' title='bbox 1205 670 1235 733; x_wconf 92' lang='lat' dir='ltr'>in</span> 
     </span>
     <span class='ocr_line' id='line_1_4' title="bbox 168 770 1236 860; baseline 0 -26"><span class='ocrx_word' id='word_1_22' title='bbox 168 771 271 858; x_wconf 88' lang='lat' dir='ltr'>epodis</span> <span class='ocrx_word' id='word_1_23' title='bbox 299 770 401 835; x_wconf 87' lang='lat' dir='ltr'>eadam</span> <span class='ocrx_word' id='word_1_24' title='bbox 429 781 524 837; x_wconf 89' lang='lat' dir='ltr'>metra</span> <span class='ocrx_word' id='word_1_25' title='bbox 545 774 687 860; x_wconf 86' lang='lat' dir='ltr'>repetita,</span> <span class='ocrx_word' id='word_1_26' title='bbox 715 771 767 838; x_wconf 90' lang='lat' dir='ltr'>sed</span> <span class='ocrx_word' id='word_1_27' title='bbox 796 773 890 838; x_wconf 88' lang='lat' dir='ltr'>mixta</span> <span class='ocrx_word' id='word_1_28' title='bbox 912 773 1000 837; x_wconf 88' lang='lat' dir='ltr'>etiam</span> <span class='ocrx_word' id='word_1_29' title='bbox 1031 771 1101 836; x_wconf 88' lang='lat' dir='ltr'>aliis</span> <span class='ocrx_word' id='word_1_30' title='bbox 1123 771 1236 851; x_wconf 83' lang='lat' dir='ltr'>metris,</span> 
     </span>
     <span class='ocr_line' id='line_1_5' title="bbox 167 870 1237 962; baseline 0.003 -30"><span class='ocrx_word' id='word_1_31' title='bbox 167 871 371 954; x_wconf 85' lang='lat' dir='ltr'>inveniuntur,</span> <span class='ocrx_word' id='word_1_32' title='bbox 400 878 430 936; x_wconf 90' lang='lat' dir='ltr'>ot</span> <span class='ocrx_word' id='word_1_33' title='bbox 457 893 494 938; x_wconf 89' lang='lat' dir='ltr'>ea</span> <span class='ocrx_word' id='word_1_34' title='bbox 523 895 558 938; x_wconf 86' lang='lat' dir='ltr'>ne</span> <span class='ocrx_word' id='word_1_35' title='bbox 590 873 736 939; x_wconf 92' lang='lat' dir='ltr'>interdum</span> <span class='ocrx_word' id='word_1_36' title='bbox 763 881 863 962; x_wconf 88' lang='lat' dir='ltr'>partes</span> <span class='ocrx_word' id='word_1_37' title='bbox 900 895 999 939; x_wconf 88' lang='lat' dir='ltr'>earum</span> <span class='ocrx_word' id='word_1_38' title='bbox 1032 873 1091 938; x_wconf 84' lang='lat' dir='ltr'>sihi</span> <span class='ocrx_word' id='word_1_39' title='bbox 1120 870 1237 938; x_wconf 90' lang='lat' dir='ltr'>similli-</span> 
     </span>
     <span class='ocr_line' id='line_1_6' title="bbox 168 972 324 1036; baseline 0.006 -1"><span class='ocrx_word' id='word_1_40' title='bbox 168 992 232 1035; x_wconf 89' lang='lat' dir='ltr'>mae</span> <span class='ocrx_word' id='word_1_41' title='bbox 253 972 324 1036; x_wconf 84' lang='lat' dir='ltr'>sint.</span> 
     </span>
    </p>
   </div>
   <div class='ocr_carea' id='block_1_3' title="bbox 631 1115 761 1210">
    <p class='ocr_par' dir='ltr' id='par_1_3' title="bbox 631 1115 761 1210">
     <span class='ocr_line' id='line_1_7' title="bbox 631 1115 761 1210; baseline 0.008 -21"><span class='ocrx_word' id='word_1_42' title='bbox 631 1124 666 1210; x_wconf 70' lang='lat' dir='ltr'>a.</span> <span class='ocrx_word' id='word_1_43' title='bbox 687 1115 761 1191; x_wconf 82' lang='lat' dir='ltr'>oro.</span> 
     </span>
    </p>
   </div>
   <div class='ocr_carea' id='block_1_4' title="bbox 165 1259 1258 1932">
    <p class='ocr_par' dir='ltr' id='par_1_4' title="bbox 165 1259 1258 1932">
     <span class='ocr_line' id='line_1_8' title="bbox 250 1259 1235 1347; baseline 0.001 -24"><span class='ocrx_word' id='word_1_44' title='bbox 250 1259 377 1324; x_wconf 90' lang='lat' dir='ltr'>Praeter</span> <span class='ocrx_word' id='word_1_45' title='bbox 403 1259 545 1346; x_wconf 86' lang='lat' dir='ltr'>parodum</span> <span class='ocrx_word' id='word_1_46' title='bbox 572 1268 603 1324; x_wconf 89' lang='lat' dir='ltr'>et</span> <span class='ocrx_word' id='word_1_47' title='bbox 624 1261 747 1325; x_wconf 88' lang='lat' dir='ltr'>stasima</span> <span class='ocrx_word' id='word_1_48' title='bbox 775 1263 864 1326; x_wconf 86' lang='lat' dir='ltr'>etiam</span> <span class='ocrx_word' id='word_1_49' title='bbox 892 1261 951 1326; x_wconf 83' lang='lat' dir='ltr'>alia</span> <span class='ocrx_word' id='word_1_50' title='bbox 978 1259 1123 1347; x_wconf 81' lang='lat' dir='ltr'>quaedam</span> <span class='ocrx_word' id='word_1_51' title='bbox 1151 1262 1235 1326; x_wconf 92' lang='lat' dir='ltr'>chori</span> 
     </span>
     <span class='ocr_line' id='line_1_9' title="bbox 167 1353 1236 1448; baseline 0.003 -26"><span class='ocrx_word' id='word_1_52' title='bbox 167 1359 283 1424; x_wconf 90' lang='lat' dir='ltr'>cantica</span> <span class='ocrx_word' id='word_1_53' title='bbox 303 1360 502 1448; x_wconf 89' lang='lat' dir='ltr'>reperiuntur,</span> <span class='ocrx_word' id='word_1_54' title='bbox 525 1361 629 1446; x_wconf 90' lang='lat' dir='ltr'>quihus</span> <span class='ocrx_word' id='word_1_55' title='bbox 651 1353 753 1424; x_wconf 90' lang='lat' dir='ltr'>finitur</span> <span class='ocrx_word' id='word_1_56' title='bbox 775 1361 920 1427; x_wconf 87' lang='lat' dir='ltr'>interdum</span> <span class='ocrx_word' id='word_1_57' title='bbox 944 1361 1110 1446; x_wconf 78' lang='lat' dir='ltr'><strong>tragoedia.</strong></span> <span class='ocrx_word' id='word_1_58' title='bbox 1152 1361 1236 1425; x_wconf 81' lang='lat' dir='ltr'>llaec</span> 
     </span>
     <span class='ocr_line' id='line_1_10' title="bbox 166 1460 1258 1549; baseline -0.001 -24"><span class='ocrx_word' id='word_1_59' title='bbox 166 1461 279 1549; x_wconf 90' lang='lat' dir='ltr'>parodo</span> <span class='ocrx_word' id='word_1_60' title='bbox 302 1483 386 1548; x_wconf 87' lang='lat' dir='ltr'>quam</span> <span class='ocrx_word' id='word_1_61' title='bbox 409 1462 539 1526; x_wconf 89' lang='lat' dir='ltr'>stasimis</span> <span class='ocrx_word' id='word_1_62' title='bbox 562 1461 708 1526; x_wconf 82' lang='lat' dir='ltr'>similiora</span> <span class='ocrx_word' id='word_1_63' title='bbox 730 1470 807 1526; x_wconf 88' lang='lat' dir='ltr'>suut.</span> <span class='ocrx_word' id='word_1_64' title='bbox 831 1461 977 1528; x_wconf 82' lang='lat' dir='ltr'><strong>Constant</strong></span> <span class='ocrx_word' id='word_1_65' title='bbox 999 1471 1094 1526; x_wconf 89' lang='lat' dir='ltr'>autem</span> <span class='ocrx_word' id='word_1_66' title='bbox 1110 1484 1147 1526; x_wconf 86' lang='lat' dir='ltr'>ex</span> <span class='ocrx_word' id='word_1_67' title='bbox 1160 1460 1258 1526; x_wconf 78' lang='lat' dir='ltr'>anti-&#39;</span> 
     </span>
     <span class='ocr_line' id='line_1_11' title="bbox 165 1561 1234 1651; baseline 0 -25"><span class='ocrx_word' id='word_1_68' title='bbox 165 1561 335 1650; x_wconf 84' lang='lat' dir='ltr'>strophicis,</span> <span class='ocrx_word' id='word_1_69' title='bbox 358 1569 387 1626; x_wconf 89' lang='lat' dir='ltr'>et</span> <span class='ocrx_word' id='word_1_70' title='bbox 409 1572 562 1645; x_wconf 89' lang='lat' dir='ltr'>canuntur,</span> <span class='ocrx_word' id='word_1_71' title='bbox 584 1570 616 1626; x_wconf 93' lang='lat' dir='ltr'>ut</span> <span class='ocrx_word' id='word_1_72' title='bbox 637 1563 762 1646; x_wconf 84' lang='lat' dir='ltr'>videtur,</span> <span class='ocrx_word' id='word_1_73' title='bbox 784 1586 802 1626; x_wconf 91' lang='lat' dir='ltr'>a</span> <span class='ocrx_word' id='word_1_74' title='bbox 823 1563 956 1651; x_wconf 88' lang='lat' dir='ltr'>partibus</span> <span class='ocrx_word' id='word_1_75' title='bbox 975 1562 1069 1628; x_wconf 91' lang='lat' dir='ltr'>chori.</span> <span class='ocrx_word' id='word_1_76' title='bbox 1091 1562 1234 1627; x_wconf 77' lang='lat' dir='ltr'>Ita-corte</span> 
     </span>
     <span class='ocr_line' id='line_1_12' title="bbox 166 1663 1235 1752; baseline 0.002 -27"><span class='ocrx_word' id='word_1_77' title='bbox 166 1663 198 1727; x_wconf 92' lang='lat' dir='ltr'>in</span> <span class='ocrx_word' id='word_1_78' title='bbox 220 1663 411 1751; x_wconf 74' lang='lat' dir='ltr'>supplicibus</span> <span class='ocrx_word' id='word_1_79' title='bbox 434 1663 581 1749; x_wconf 79' lang='lat' dir='ltr'>Aeschyli</span> <span class='ocrx_word' id='word_1_80' title='bbox 609 1665 728 1729; x_wconf 88' lang='lat' dir='ltr'>factum.</span> <span class='ocrx_word' id='word_1_81' title='bbox 779 1663 870 1729; x_wconf 79' lang='lat' dir='ltr'>Aliud</span> <span class='ocrx_word' id='word_1_82' title='bbox 899 1663 1065 1752; x_wconf 85' lang='lat' dir='ltr'>exemplum</span> <span class='ocrx_word' id='word_1_83' title='bbox 1092 1665 1235 1751; x_wconf 85' lang='lat' dir='ltr'>praebent</span> 
     </span>
     <span class='ocr_line' id='line_1_13' title="bbox 165 1761 1234 1853; baseline 0.004 -27"><span class='ocrx_word' id='word_1_84' title='bbox 165 1761 357 1846; x_wconf 81' lang='lat' dir='ltr'>Eumenides,</span> <span class='ocrx_word' id='word_1_85' title='bbox 380 1762 429 1828; x_wconf 92' lang='lat' dir='ltr'>uhi</span> <span class='ocrx_word' id='word_1_86' title='bbox 451 1786 510 1829; x_wconf 92' lang='lat' dir='ltr'>nou</span> <span class='ocrx_word' id='word_1_87' title='bbox 533 1763 571 1846; x_wconf 89' lang='lat' dir='ltr'>is,</span> <span class='ocrx_word' id='word_1_88' title='bbox 593 1766 640 1851; x_wconf 91' lang='lat' dir='ltr'>qui</span> <span class='ocrx_word' id='word_1_89' title='bbox 665 1765 815 1853; x_wconf 83' lang='lat' dir='ltr'>legitimus</span> <span class='ocrx_word' id='word_1_90' title='bbox 837 1767 868 1830; x_wconf 92' lang='lat' dir='ltr'>iu</span> <span class='ocrx_word' id='word_1_91' title='bbox 890 1764 1160 1831; x_wconf 84' lang='lat' dir='ltr'>eafahulachurus</span> <span class='ocrx_word' id='word_1_92' title='bbox 1180 1772 1234 1848; x_wconf 90' lang='lat' dir='ltr'>est,</span> 
     </span>
     <span class='ocr_line' id='line_1_14' title="bbox 166 1863 681 1932; baseline 0.006 -4"><span class='ocrx_word' id='word_1_93' title='bbox 166 1863 219 1928; x_wconf 87' lang='lat' dir='ltr'>sed</span> <span class='ocrx_word' id='word_1_94' title='bbox 242 1864 318 1930; x_wconf 89' lang='lat' dir='ltr'>alius</span> <span class='ocrx_word' id='word_1_95' title='bbox 339 1865 397 1930; x_wconf 92' lang='lat' dir='ltr'>hoc</span> <span class='ocrx_word' id='word_1_96' title='bbox 419 1865 563 1930; x_wconf 82' lang='lat' dir='ltr'>cauticum</span> <span class='ocrx_word' id='word_1_97' title='bbox 585 1866 681 1932; x_wconf 87' lang='lat' dir='ltr'>hahet.</span> 
     </span>
    </p>
   </div>
   <div class='ocr_carea' id='block_1_5' title="bbox 544 2067 765 2155">
    <p class='ocr_par' dir='ltr' id='par_1_5' title="bbox 544 2067 765 2155">
     <span class='ocr_line' id='line_1_15' title="bbox 544 2067 765 2155; baseline -0.032 -15"><span class='ocrx_word' id='word_1_98' title='bbox 544 2067 765 2155; x_wconf 58' lang='lat' dir='ltr'>„acen</span> 
     </span>
    </p>
   </div>
   <div class='ocr_carea' id='block_1_6' title="bbox 162 2201 1235 3400">
    <p class='ocr_par' dir='ltr' id='par_1_6' title="bbox 162 2201 1235 3400">
     <span class='ocr_line' id='line_1_16' title="bbox 249 2201 1233 2289; baseline 0.002 -24"><span class='ocrx_word' id='word_1_99' title='bbox 249 2201 402 2268; x_wconf 84' lang='lat' dir='ltr'>Interdum</span> <span class='ocrx_word' id='word_1_100' title='bbox 424 2209 454 2267; x_wconf 87' lang='lat' dir='ltr'>et</span> <span class='ocrx_word' id='word_1_101' title='bbox 476 2203 585 2288; x_wconf 83' lang='lat' dir='ltr'>tragici</span> <span class='ocrx_word' id='word_1_102' title='bbox 606 2211 636 2267; x_wconf 92' lang='lat' dir='ltr'>et</span> <span class='ocrx_word' id='word_1_103' title='bbox 649 2203 754 2266; x_wconf 88' lang='lat' dir='ltr'>comici</span> <span class='ocrx_word' id='word_1_104' title='bbox 770 2201 850 2267; x_wconf 88' lang='lat' dir='ltr'>aliud</span> <span class='ocrx_word' id='word_1_105' title='bbox 868 2224 963 2289; x_wconf 81' lang='lat' dir='ltr'>genus</span> <span class='ocrx_word' id='word_1_106' title='bbox 985 2202 1126 2267; x_wconf 88' lang='lat' dir='ltr'>carminis</span> <span class='ocrx_word' id='word_1_107' title='bbox 1151 2224 1233 2267; x_wconf 88' lang='lat' dir='ltr'>usur·</span> 
     </span>
     <span class='ocr_line' id='line_1_17' title="bbox 162 2303 1233 2391; baseline 0.002 -25"><span class='ocrx_word' id='word_1_108' title='bbox 162 2310 253 2390; x_wconf 84' lang='lat' dir='ltr'>pant,</span> <span class='ocrx_word' id='word_1_109' title='bbox 282 2304 359 2389; x_wconf 92' lang='lat' dir='ltr'>quod</span> <span class='ocrx_word' id='word_1_110' title='bbox 389 2326 428 2367; x_wconf 86' lang='lat' dir='ltr'>ex</span> <span class='ocrx_word' id='word_1_111' title='bbox 456 2325 515 2368; x_wconf 90' lang='lat' dir='ltr'>una</span> <span class='ocrx_word' id='word_1_112' title='bbox 536 2303 659 2391; x_wconf 88' lang='lat' dir='ltr'>stropha</span> <span class='ocrx_word' id='word_1_113' title='bbox 681 2311 813 2386; x_wconf 84' lang='lat' dir='ltr'>constat,</span> <span class='ocrx_word' id='word_1_114' title='bbox 846 2304 929 2368; x_wconf 86' lang='lat' dir='ltr'>euius</span> <span class='ocrx_word' id='word_1_115' title='bbox 961 2304 1147 2391; x_wconf 83' lang='lat' dir='ltr'>antistropha</span> <span class='ocrx_word' id='word_1_116' title='bbox 1175 2326 1233 2369; x_wconf 91' lang='lat' dir='ltr'>non</span> 
     </span>
     <span class='ocr_line' id='line_1_18' title="bbox 164 2403 1233 2490; baseline 0.001 -22"><span class='ocrx_word' id='word_1_117' title='bbox 164 2406 281 2486; x_wconf 86' lang='lat' dir='ltr'>statim,</span> <span class='ocrx_word' id='word_1_118' title='bbox 315 2403 369 2469; x_wconf 90' lang='lat' dir='ltr'>sed</span> <span class='ocrx_word' id='word_1_119' title='bbox 396 2414 464 2490; x_wconf 90' lang='lat' dir='ltr'>post</span> <span class='ocrx_word' id='word_1_120' title='bbox 497 2405 610 2490; x_wconf 83' lang='lat' dir='ltr'>aliquot</span> <span class='ocrx_word' id='word_1_121' title='bbox 637 2414 768 2470; x_wconf 89' lang='lat' dir='ltr'>actorum</span> <span class='ocrx_word' id='word_1_122' title='bbox 796 2427 899 2469; x_wconf 88' lang='lat' dir='ltr'>versus</span> <span class='ocrx_word' id='word_1_123' title='bbox 925 2413 955 2469; x_wconf 87' lang='lat' dir='ltr'>et</span> <span class='ocrx_word' id='word_1_124' title='bbox 984 2404 1131 2469; x_wconf 90' lang='lat' dir='ltr'>interdum</span> <span class='ocrx_word' id='word_1_125' title='bbox 1159 2405 1233 2469; x_wconf 84' lang='lat' dir='ltr'>satis</span> 
     </span>
     <span class='ocr_line' id='line_1_19' title="bbox 164 2504 1234 2593; baseline 0 -23"><span class='ocrx_word' id='word_1_126' title='bbox 164 2527 273 2590; x_wconf 83' lang='lat' dir='ltr'>magua</span> <span class='ocrx_word' id='word_1_127' title='bbox 294 2505 413 2570; x_wconf 85' lang='lat' dir='ltr'>tabulae</span> <span class='ocrx_word' id='word_1_128' title='bbox 435 2512 519 2593; x_wconf 86' lang='lat' dir='ltr'>parte</span> <span class='ocrx_word' id='word_1_129' title='bbox 540 2506 695 2570; x_wconf 89' lang='lat' dir='ltr'>interiecta</span> <span class='ocrx_word' id='word_1_130' title='bbox 717 2507 858 2591; x_wconf 86' lang='lat' dir='ltr'>sequitur.</span> <span class='ocrx_word' id='word_1_131' title='bbox 891 2504 1072 2570; x_wconf 84' lang='lat' dir='ltr'>Huiusmodi</span> <span class='ocrx_word' id='word_1_132' title='bbox 1093 2505 1234 2593; x_wconf 87' lang='lat' dir='ltr'>strophae</span> 
     </span>
     <span class='ocr_line' id='line_1_20' title="bbox 164 2605 1234 2691; baseline 0.002 -22"><span class='ocrx_word' id='word_1_133' title='bbox 164 2627 242 2669; x_wconf 90' lang='lat' dir='ltr'>nunc</span> <span class='ocrx_word' id='word_1_134' title='bbox 262 2606 418 2691; x_wconf 86' lang='lat' dir='ltr'>longiores</span> <span class='ocrx_word' id='word_1_135' title='bbox 446 2615 530 2688; x_wconf 85' lang='lat' dir='ltr'>suut,</span> <span class='ocrx_word' id='word_1_136' title='bbox 558 2615 589 2671; x_wconf 92' lang='lat' dir='ltr'>ut</span> <span class='ocrx_word' id='word_1_137' title='bbox 605 2607 647 2685; x_wconf 82' lang='lat' dir='ltr'>¹iu</span> <span class='ocrx_word' id='word_1_138' title='bbox 670 2607 838 2671; x_wconf 84' lang='lat' dir='ltr'>Philoctete</span> <span class='ocrx_word' id='word_1_139' title='bbox 859 2629 884 2670; x_wconf 90' lang='lat' dir='ltr'>v.</span> <span class='ocrx_word' id='word_1_140' title='bbox 907 2607 979 2672; x_wconf 81' lang='grc'>391.</span> <span class='ocrx_word' id='word_1_141' title='bbox 1003 2616 1033 2671; x_wconf 93' lang='lat' dir='ltr'>et</span> <span class='ocrx_word' id='word_1_142' title='bbox 1053 2605 1126 2672; x_wconf 80' lang='lat'><strong>507.</strong></span> <span class='ocrx_word' id='word_1_143' title='bbox 1173 2607 1234 2671; x_wconf 81' lang='lat' dir='ltr'>Ae·</span> 
     </span>
     <span class='ocr_line' id='line_1_21' title="bbox 163 2705 1235 2796; baseline 0.006 -27"><span class='ocrx_word' id='word_1_144' title='bbox 163 2706 286 2794; x_wconf 87' lang='lat' dir='ltr'>schylus</span> <span class='ocrx_word' id='word_1_145' title='bbox 314 2714 411 2771; x_wconf 90' lang='lat' dir='ltr'>autem</span> <span class='ocrx_word' id='word_1_146' title='bbox 438 2705 469 2770; x_wconf 92' lang='lat' dir='ltr'>in</span> <span class='ocrx_word' id='word_1_147' title='bbox 498 2707 835 2795; x_wconf 77' lang='lat' dir='ltr'>Eumenidihus,.quae</span> <span class='ocrx_word' id='word_1_148' title='bbox 860 2707 962 2773; x_wconf 86' lang='lat' dir='ltr'>fabula</span> <span class='ocrx_word' id='word_1_149' title='bbox 989 2708 1075 2796; x_wconf 89' lang='lat' dir='ltr'>plura</span> <span class='ocrx_word' id='word_1_150' title='bbox 1103 2708 1235 2775; x_wconf 79' lang='lat' dir='ltr'>continet</span> 
     </span>
     <span class='ocr_line' id='line_1_22' title="bbox 164 2807 1234 2896; baseline 0.003 -26"><span class='ocrx_word' id='word_1_151' title='bbox 164 2807 250 2872; x_wconf 89' lang='lat' dir='ltr'>huius</span> <span class='ocrx_word' id='word_1_152' title='bbox 278 2807 401 2895; x_wconf 86' lang='lat' dir='ltr'>generis</span> <span class='ocrx_word' id='word_1_153' title='bbox 429 2809 580 2896; x_wconf 83' lang='lat' dir='ltr'>exempla,</span> <span class='ocrx_word' id='word_1_154' title='bbox 608 2810 696 2874; x_wconf 87' lang='lat' dir='ltr'>etiam</span> <span class='ocrx_word' id='word_1_155' title='bbox 724 2808 827 2874; x_wconf 87' lang='lat' dir='ltr'>eadem</span> <span class='ocrx_word' id='word_1_156' title='bbox 854 2811 946 2874; x_wconf 91' lang='lat' dir='ltr'>verha</span> <span class='ocrx_word' id='word_1_157' title='bbox 977 2808 1076 2874; x_wconf 84' lang='lat' dir='ltr'>omnia</span> <span class='ocrx_word' id='word_1_158' title='bbox 1103 2808 1234 2892; x_wconf 82' lang='lat' dir='ltr'>iteravit,</span> 
     </span>
     <span class='ocr_line' id='line_1_23' title="bbox 163 2907 1234 2996; baseline 0.002 -24"><span class='ocrx_word' id='word_1_159' title='bbox 163 2907 241 2994; x_wconf 90' lang='lat' dir='ltr'>quod</span> <span class='ocrx_word' id='word_1_160' title='bbox 263 2909 315 2973; x_wconf 91' lang='lat' dir='ltr'>ille</span> <span class='ocrx_word' id='word_1_161' title='bbox 338 2909 427 2973; x_wconf 89' lang='lat' dir='ltr'>etiam</span> <span class='ocrx_word' id='word_1_162' title='bbox 449 2908 478 2972; x_wconf 92' lang='lat' dir='ltr'>iu</span> <span class='ocrx_word' id='word_1_163' title='bbox 501 2910 632 2975; x_wconf 88' lang='lat' dir='ltr'>stasimis</span> <span class='ocrx_word' id='word_1_164' title='bbox 654 2931 869 2996; x_wconf 90' lang='lat' dir='ltr'>nonnumquam</span> <span class='ocrx_word' id='word_1_165' title='bbox 892 2919 921 2974; x_wconf 87' lang='lat' dir='ltr'>et</span> <span class='ocrx_word' id='word_1_166' title='bbox 942 2911 1064 2984; x_wconf 85' lang='lat' dir='ltr'>cummis</span> <span class='ocrx_word' id='word_1_167' title='bbox 1086 2909 1176 2992; x_wconf 84' lang='lat' dir='ltr'>lecit,</span> <span class='ocrx_word' id='word_1_168' title='bbox 1203 2919 1234 2974; x_wconf 95' lang='lat' dir='ltr'>ut</span> 
     </span>
     <span class='ocr_line' id='line_1_24' title="bbox 163 3008 1232 3099; baseline 0.003 -27"><span class='ocrx_word' id='word_1_169' title='bbox 163 3009 194 3073; x_wconf 94' lang='lat' dir='ltr'>iu</span> <span class='ocrx_word' id='word_1_170' title='bbox 230 3008 352 3097; x_wconf 87' lang='lat' dir='ltr'>Septem</span> <span class='ocrx_word' id='word_1_171' title='bbox 387 3010 422 3074; x_wconf 92' lang='lat' dir='ltr'>ad</span> <span class='ocrx_word' id='word_1_172' title='bbox 452 3010 594 3093; x_wconf 76' lang='lat' dir='ltr'>ThebaS‚</span> <span class='ocrx_word' id='word_1_173' title='bbox 626 3012 658 3074; x_wconf 94' lang='lat' dir='ltr'>in</span> <span class='ocrx_word' id='word_1_174' title='bbox 686 3011 929 3096; x_wconf 84' lang='lat' dir='ltr'>Agamemnone,</span> <span class='ocrx_word' id='word_1_175' title='bbox 961 3011 992 3075; x_wconf 94' lang='lat' dir='ltr'>in</span> <span class='ocrx_word' id='word_1_176' title='bbox 1029 3009 1232 3099; x_wconf 84' lang='lat' dir='ltr'>Supplicihus.</span> 
     </span>
     <span class='ocr_line' id='line_1_25' title="bbox 162 3110 1231 3200; baseline 0.004 -28"><span class='ocrx_word' id='word_1_177' title='bbox 162 3110 249 3174; x_wconf 91' lang='lat' dir='ltr'>Nunc</span> <span class='ocrx_word' id='word_1_178' title='bbox 272 3111 423 3176; x_wconf 82' lang='lat' dir='ltr'>breuiores</span> <span class='ocrx_word' id='word_1_179' title='bbox 446 3120 514 3178; x_wconf 90' lang='lat' dir='ltr'>suut</span> <span class='ocrx_word' id='word_1_180' title='bbox 528 3111 667 3199; x_wconf 89' lang='lat' dir='ltr'>strophae</span> <span class='ocrx_word' id='word_1_181' title='bbox 688 3110 774 3185; x_wconf 90' lang='lat' dir='ltr'>istae,</span> <span class='ocrx_word' id='word_1_182' title='bbox 797 3111 978 3199; x_wconf 89' lang='lat' dir='ltr'>compositae</span> <span class='ocrx_word' id='word_1_183' title='bbox 1000 3111 1172 3200; x_wconf 85' lang='lat' dir='ltr'>plerumque</span> <span class='ocrx_word' id='word_1_184' title='bbox 1193 3134 1231 3176; x_wconf 85' lang='lat' dir='ltr'>ex</span> 
     </span>
     <span class='ocr_line' id='line_1_26' title="bbox 163 3210 1232 3300; baseline 0.006 -27"><span class='ocrx_word' id='word_1_185' title='bbox 163 3231 276 3296; x_wconf 84' lang='lat' dir='ltr'>genere</span> <span class='ocrx_word' id='word_1_186' title='bbox 303 3210 494 3294; x_wconf 89' lang='lat' dir='ltr'>dochmiaco,</span> <span class='ocrx_word' id='word_1_187' title='bbox 529 3222 560 3278; x_wconf 92' lang='lat' dir='ltr'>ut</span> <span class='ocrx_word' id='word_1_188' title='bbox 591 3212 623 3277; x_wconf 92' lang='lat' dir='ltr'>iu</span> <span class='ocrx_word' id='word_1_189' title='bbox 654 3210 799 3300; x_wconf 81' lang='lat' dir='ltr'>Aeschyli</span> <span class='ocrx_word' id='word_1_190' title='bbox 827 3211 946 3300; x_wconf 84' lang='lat' dir='ltr'>Septem</span> <span class='ocrx_word' id='word_1_191' title='bbox 982 3213 1019 3277; x_wconf 83' lang='lat' dir='ltr'>ad</span> <span class='ocrx_word' id='word_1_192' title='bbox 1048 3212 1174 3279; x_wconf 84' lang='lat' dir='ltr'>Thebas</span> <span class='ocrx_word' id='word_1_193' title='bbox 1203 3222 1232 3279; x_wconf 87' lang='lat' dir='ltr'>et</span> 
     </span>
     <span class='ocr_line' id='line_1_27' title="bbox 164 3311 362 3400; baseline 0.01 -24"><span class='ocrx_word' id='word_1_194' title='bbox 164 3311 362 3400; x_wconf 84' lang='lat' dir='ltr'>Supplicihus.</span> 
     </span>
    </p>
   </div>
   <div class='ocr_carea' id='block_1_7' title="bbox 626 3464 885 3551">
    <p class='ocr_par' dir='ltr' id='par_1_7' title="bbox 626 3464 885 3551">
     <span class='ocr_line' id='line_1_28' title="bbox 626 3464 885 3551; baseline 0.008 -22"><span class='ocrx_word' id='word_1_195' title='bbox 626 3465 660 3551; x_wconf 71' lang='lat' dir='ltr'>a.</span> <span class='ocrx_word' id='word_1_196' title='bbox 689 3464 760 3531; x_wconf 79' lang='lat' dir='ltr'>cor.</span> <span class='ocrx_word' id='word_1_197' title='bbox 882 3496 885 3499; x_wconf 92' lang='lat'>-</span> 
     </span>
    </p>
   </div>
   <div class='ocr_carea' id='block_1_8' title="bbox 162 3599 1232 4192">
    <p class='ocr_par' dir='ltr' id='par_1_8' title="bbox 162 3599 1232 4192">
     <span class='ocr_line' id='line_1_29' title="bbox 246 3599 1231 3691; baseline 0.005 -28"><span class='ocrx_word' id='word_1_198' title='bbox 246 3600 379 3664; x_wconf 89' lang='lat' dir='ltr'>Perraro</span> <span class='ocrx_word' id='word_1_199' title='bbox 400 3601 431 3663; x_wconf 92' lang='lat' dir='ltr'>iu</span> <span class='ocrx_word' id='word_1_200' title='bbox 454 3599 618 3686; x_wconf 74' lang='lat' dir='ltr'>tragoediis</span> <span class='ocrx_word' id='word_1_201' title='bbox 641 3610 759 3665; x_wconf 86' lang='lat' dir='ltr'>carmen</span> <span class='ocrx_word' id='word_1_202' title='bbox 781 3600 864 3664; x_wconf 89' lang='lat' dir='ltr'>chori</span> <span class='ocrx_word' id='word_1_203' title='bbox 886 3601 1035 3666; x_wconf 86' lang='lat' dir='ltr'>invenitur</span> <span class='ocrx_word' id='word_1_204' title='bbox 1054 3623 1093 3666; x_wconf 86' lang='lat' dir='ltr'>ex</span> <span class='ocrx_word' id='word_1_205' title='bbox 1107 3604 1231 3691; x_wconf 87' lang='lat' dir='ltr'>stropha</span> 
     </span>
     <span class='ocr_line' id='line_1_30' title="bbox 162 3699 1232 3789; baseline 0.003 -23"><span class='ocrx_word' id='word_1_206' title='bbox 162 3701 315 3783; x_wconf 87' lang='lat' dir='ltr'>solitaria,</span> <span class='ocrx_word' id='word_1_207' title='bbox 343 3702 479 3787; x_wconf 90' lang='lat' dir='ltr'>omnique</span> <span class='ocrx_word' id='word_1_208' title='bbox 507 3701 692 3789; x_wconf 89' lang='lat' dir='ltr'>antistropha</span> <span class='ocrx_word' id='word_1_209' title='bbox 720 3703 903 3767; x_wconf 89' lang='lat' dir='ltr'>destitutum:</span> <span class='ocrx_word' id='word_1_210' title='bbox 934 3702 1009 3788; x_wconf 90' lang='lat' dir='ltr'>quod</span> <span class='ocrx_word' id='word_1_211' title='bbox 1032 3699 1090 3766; x_wconf 93' lang='lat' dir='ltr'>non</span> <span class='ocrx_word' id='word_1_212' title='bbox 1112 3703 1232 3769; x_wconf 81' lang='lat' dir='ltr'>videtur</span> 
     </span>
     <span class='ocr_line' id='line_1_31' title="bbox 164 3801 1230 3889; baseline 0.005 -24"><span class='ocrx_word' id='word_1_213' title='bbox 164 3803 223 3867; x_wconf 90' lang='lat' dir='ltr'>uisi</span> <span class='ocrx_word' id='word_1_214' title='bbox 250 3804 280 3866; x_wconf 90' lang='lat' dir='ltr'>iu</span> <span class='ocrx_word' id='word_1_215' title='bbox 304 3824 413 3889; x_wconf 85' lang='lat' dir='ltr'>magua</span> <span class='ocrx_word' id='word_1_216' title='bbox 434 3801 558 3889; x_wconf 88' lang='lat' dir='ltr'>quadam</span> <span class='ocrx_word' id='word_1_217' title='bbox 587 3812 615 3867; x_wconf 89' lang='lat' dir='ltr'>et</span> <span class='ocrx_word' id='word_1_218' title='bbox 637 3802 758 3868; x_wconf 89' lang='lat' dir='ltr'>insolita</span> <span class='ocrx_word' id='word_1_219' title='bbox 779 3805 941 3868; x_wconf 87' lang='lat' dir='ltr'>animorum</span> <span class='ocrx_word' id='word_1_220' title='bbox 965 3806 1201 3870; x_wconf 79' lang='lat' dir='ltr'>commotiones</span> <span class='ocrx_word' id='word_1_221' title='bbox 1218 3842 1230 3854; x_wconf 93' lang='lat'>·</span> 
     </span>
     <span class='ocr_line' id='line_1_32' title="bbox 163 3903 1230 3992; baseline 0.004 -25"><span class='ocrx_word' id='word_1_222' title='bbox 163 3914 238 3968; x_wconf 88' lang='lat' dir='ltr'>ctum</span> <span class='ocrx_word' id='word_1_223' title='bbox 261 3926 337 3969; x_wconf 86' lang='lat' dir='ltr'>esse.</span> <span class='ocrx_word' id='word_1_224' title='bbox 382 3903 558 3992; x_wconf 84' lang='lat' dir='ltr'>Exemplum</span> <span class='ocrx_word' id='word_1_225' title='bbox 580 3911 625 3968; x_wconf 89' lang='lat' dir='ltr'>est</span> <span class='ocrx_word' id='word_1_226' title='bbox 652 3905 682 3968; x_wconf 95' lang='lat' dir='ltr'>in</span> <span class='ocrx_word' id='word_1_227' title='bbox 711 3903 885 3969; x_wconf 80' lang='lat' dir='ltr'>Trachiniis</span> <span class='ocrx_word' id='word_1_228' title='bbox 914 3928 940 3972; x_wconf 86' lang='lat' dir='ltr'>v.</span> <span class='ocrx_word' id='word_1_229' title='bbox 961 3904 1034 3971; x_wconf 80' lang='lat'><strong>205.</strong></span> <span class='ocrx_word' id='word_1_230' title='bbox 1066 3908 1114 3971; x_wconf 91' lang='lat' dir='ltr'>uhi</span> <span class='ocrx_word' id='word_1_231' title='bbox 1143 3908 1230 3972; x_wconf 90' lang='lat' dir='ltr'>scho-</span> 
     </span>
     <span class='ocr_line' id='line_1_33' title="bbox 162 4001 1230 4089; baseline 0.004 -22"><span class='ocrx_word' id='word_1_232' title='bbox 162 4004 280 4070; x_wconf 87' lang='lat' dir='ltr'>liastes:</span> <span class='ocrx_word' id='word_1_233' title='bbox 303 4004 337 4069; x_wconf 84' lang='lat' dir='ltr'>cd</span> <span class='ocrx_word' id='word_1_234' title='bbox 359 4001 534 4089; x_wconf 74' lang='grc' dir='ltr'>μελιδάριον</span> <span class='ocrx_word' id='word_1_235' title='bbox 556 4005 612 4068; x_wconf 82' lang='grc' dir='ltr'>οὐκ</span> <span class='ocrx_word' id='word_1_236' title='bbox 633 4003 696 4068; x_wconf 66' lang='grc' dir='ltr'>ἔστι</span> <span class='ocrx_word' id='word_1_237' title='bbox 718 4001 875 4086; x_wconf 82' lang='grc' dir='ltr'>στάσιμον,</span> <span class='ocrx_word' id='word_1_238' title='bbox 904 4004 968 4069; x_wconf 75' lang='grc' dir='ltr'>ἀλλ’</span> <span class='ocrx_word' id='word_1_239' title='bbox 992 4004 1051 4070; x_wconf 72' lang='grc' dir='ltr'>ὑπὸ</span> <span class='ocrx_word' id='word_1_240' title='bbox 1079 4012 1134 4089; x_wconf 76' lang='grc' dir='ltr'>τῆς</span> <span class='ocrx_word' id='word_1_241' title='bbox 1154 4004 1230 4089; x_wconf 81' lang='grc' dir='ltr'><em>ἡδο-</em></span> 
     </span>
     <span class='ocr_line' id='line_1_34' title="bbox 163 4094 1227 4192; baseline 0.001 -20"><span class='ocrx_word' id='word_1_242' title='bbox 163 4111 215 4188; x_wconf 79' lang='grc' dir='ltr'>νῆς</span> <span class='ocrx_word' id='word_1_243' title='bbox 236 4105 406 4192; x_wconf 80' lang='grc' dir='ltr'><strong><em>ὀρχοῦνται.</em></strong></span> <span class='ocrx_word' id='word_1_244' title='bbox 434 4106 560 4176; x_wconf 93' lang='lat' dir='ltr'>Videtur</span> <span class='ocrx_word' id='word_1_245' title='bbox 574 4114 669 4172; x_wconf 89' lang='lat' dir='ltr'>autem</span> <span class='ocrx_word' id='word_1_246' title='bbox 682 4114 712 4172; x_wconf 90' lang='lat' dir='ltr'>et</span> <span class='ocrx_word' id='word_1_247' title='bbox 732 4107 789 4173; x_wconf 92' lang='lat' dir='ltr'>hoc</span> <span class='ocrx_word' id='word_1_248' title='bbox 811 4127 927 4174; x_wconf 75' lang='lat' dir='ltr'>carumn</span> <span class='ocrx_word' id='word_1_249' title='bbox 950 4130 968 4172; x_wconf 91' lang='lat' dir='ltr'>a</span> <span class='ocrx_word' id='word_1_250' title='bbox 990 4094 1118 4175; x_wconf 84' lang='lat' dir='ltr'>diversis</span> <span class='ocrx_word' id='word_1_251' title='bbox 1141 4110 1227 4175; x_wconf 84' lang='lat' dir='ltr'>c&#39;hori</span> 
     </span>
    </p>
   </div>
   <div class='ocr_carea' id='block_1_9' title="bbox 0 0 1332 4786">
    <p class='ocr_par' dir='ltr' id='par_1_9' title="bbox 0 0 1332 4786">
     <span class='ocr_line' id='line_1_35' title="bbox 0 0 1332 4786; baseline 0 0"><span class='ocrx_word' id='word_1_252' title='bbox 0 0 1332 4786; x_wconf 95' lang='lat' dir='ltr'> </span> 
     </span>
    </p>
   </div>
  </div>
 </body>
</html>
