2654 4786
152 410 186 462 Vl
575 404 797 463 manuario.

153 569 188 635 et
220 559 386 634 masculae
425 559 634 651 recitationi,
668 580 798 654 semper
828 558 972 631 titubare
1005 556 1132 647 solent,
1173 563 1221 647 ot,

154 680 229 751 dum
256 700 361 775 neque
388 676 557 750 mensuras
583 676 794 773 syllabarum,
819 676 927 772 neque
952 696 1044 746 arses
1062 681 1096 745 et
1110 674 1222 746 tbeses

154 804 245 870 recte
272 805 306 868 et
331 794 473 868 fidenter
484 803 620 886 ‘notant
646 793 795 866 timidum
823 793 1036 890 quiddamst
1063 779 1249 863 vacillans

154 912 304 1012 prolerre
341 914 490 986 discuuta
525 920 563 985 ut
593 914 698 985 multo
733 912 851 983 melius
884 910 1056 1002 rideatur,
1072 909 1223 981 ¹tirmiter

155 1034 255 1105 otiam
288 1032 494 1104 aberrantem
526 1056 546 1102 a
583 1054 660 1103 uera
692 1029 820 1102 ratione
845 1027 999 1119 'numera
1025 1050 1124 1124 quam
1150 1028 1223 1098 sine

156 1173 283 1242 errore,
310 1149 368 1222 sed
394 1149 508 1221 timide
533 1170 574 1222 ae
596 1146 1036 1244 vacillanterprouuntiam.
1062 1145 1223 1217 Errorem

16 1327 17 1330 ,
156 1268 242 1339 enim
257 1265 490 1340 tantolaoilius
501 1265 754 1358 animadvertas,
766 1288 832 1362 quo
849 1264 1036 1337 distinctim
1051 1271 1086 1336 et
1100 1264 1224 1336 certius

154 1384 326 1482 proferes:
354 1384 441 1480 quod
468 1393 604 1478 contra,
631 1385 819 1476 haesitans,
845 1404 909 1456 neo
933 1405 1025 1475 uera,
1051 1404 1114 1455 nee
1138 1382 1225 1454 falsa

156 1502 290 1599 singula
298 1502 519 1595 internosces,
527 1499 723 1600 praesertim
738 1503 769 1575 si
783 1501 985 1598 compositus
1002 1502 1223 1593 situumerus,

157 1629 215 1692 aut
240 1620 519 1692 contractionibus
546 1629 580 1692 ct
605 1621 826 1694 solutionibus
851 1620 1011 1692 uadatus.
1062 1617 1132 1691 Sed
1158 1620 1224 1692 otei

157 1737 315 1810 facillime
332 1737 419 1808 hauc
432 1735 640 1808 timiditatem
655 1738 781 1810 euitare
806 1739 900 1828 licet,
926 1738 984 1808 ubi
1008 1762 1138 1809 uersum
1162 1761 1225 1833 per

159 1856 309 1952 singulos
334 1852 437 1949 pedes
464 1853 616 1945 scandes,
642 1853 818 1925 tamenab
852 1855 915 1925 bae
941 1855 1069 1949 quidem
1096 1856 1225 1927 ratione

157 1980 336 2071 propterea
361 1970 591 2044 abstinendum
617 1977 682 2064 est,
709 1970 788 2068 quia
803 1970 906 2066 pedes
923 1970 1117 2043 arbitrariae
1131 1995 1227 2042 men-

158 2113 255 2164 surae
289 2098 386 2182 sout,
428 2112 534 2185 neque
567 2097 718 2160 naturam
751 2088 922 2162 continent
958 2084 1106 2180 numeri,
1141 2114 1226 2187 quae

159 2209 330 2280 dumtaxat
363 2208 398 2278 in
432 2207 601 2279 ordinibus
634 2207 781 2280 cernitur
813 2214 848 2279 et
880 2207 1034 2279 membris
1059 2231 1225 2282 uersuum.

159 2326 270 2419 Quare
297 2346 427 2422 semper
452 2325 584 2398 ordines
610 2325 747 2422 singuli,
773 2348 818 2398 ex
843 2333 1061 2423 quotcumque
1087 2324 1226 2424 pedibus

160 2452 331 2536 constent,
368 2466 449 2515 uoce
475 2444 695 2540 expmmeudi
715 2452 812 2536 suut,
844 2445 875 2517 si
899 2467 1068 2517 numerum
1093 2447 1227 2517 auribus

159 2571 252 2636 recto
284 2561 446 2634 insinuari
479 2562 645 2634 uolumus.
706 2558 827 2654 Quem·
853 2563 910 2657 qui
948 2565 1053 2635 semel
1094 2565 1227 2660 penitus

159 2676 361 2778 perceperit,
395 2702 461 2752 nun
493 2679 590 2752 medo
621 2681 736 2753 nullia¹
760 2680 975 2752 varietatibus
1001 2704 1226 2753 mensurarum

161 2791 426 2888 conturbabitur,
463 2797 664 2890 sedetiam,
699 2797 778 2894 quid
811 2805 923 2893 aptum
948 2798 983 2868 iu
1010 2821 1139 2894 quoque
1165 2824 1229 2870 nu-

117 2984 126 2995 ,
160 2912 253 2989 meio
279 2923 377 3012 atque
393 2915 540 3011 elegans
566 2916 623 3008 sit,
644 2923 771 3013 sponte
803 2914 1055 2987 animadvertet.
1115 2917 1163 2987 At
1188 2942 1228 2989 ue

160 3036 227 3107 boo
258 3033 388 3129 quidem
420 3033 503 3105 eatis
529 3040 599 3125 est,
642 3033 702 3104 aed
744 3029 832 3103 ratio
863 3031 1014 3103 habenda
1046 3041 1098 3104 est
1131 3033 1229 3106 etiam

163 3163 281 3225 aerisue
298 3153 492 3243 uerborum,
519 3159 554 3224 et
575 3152 732 3248 partium,
759 3173 802 3223 ex
827 3149 945 3245 quibus
970 3152 1155 3248 composita
1178 3162 1232 3226 est

164 3271 292 3363 oratio,
307 3270 681 3368 'intemuudionumque
712 3276 748 3342 et
778 3289 983 3365 pausarum,
1008 3292 1089 3366 quos
1114 3294 1230 3343 seusus

163 3388 199 3461 lu
224 3386 394 3460 recitando
419 3387 495 3459 fieri
520 3386 680 3485 postulat.
705 3386 791 3460 Nam
818 3408 916 3483 quum
941 3397 1047 3460 metra
1072 3413 1138 3461 nen
1164 3390 1230 3460 nisi

165 3526 282 3578 sersus
307 3505 483 3577 adiuvandi
509 3514 543 3577 et
568 3507 663 3601 quasi
680 3504 850 3578 coloribus
865 3506 1057 3601 quibusdem
1072 3506 1231 3602 pingendi

165 3642 283 3698 caussa
314 3625 447 3694 iuuenta
473 3623 562 3715 siut,
597 3646 704 3719 neque
737 3621 790 3694 illi
814 3632 907 3696 recte
932 3621 1074 3696 recitant
1102 3648 1229 3716 uersus,

165 3741 223 3838 qui
248 3741 290 3812 ad
325 3762 457 3813 sensum
481 3741 705 3815 tautummodo
730 3741 874 3839 attenti,
908 3749 1013 3813 metra
1044 3742 1231 3839 negligunt,

164 3880 272 3956 noque
297 3858 345 3951 bi,
372 3859 430 3954 qui
454 3866 558 3930 metra
583 3859 657 3933 sole
680 3866 846 3950 notantes,
874 3857 952 3955 quid
967 3861 1132 3931 sententia
1156 3884 1233 3933 uer·

167 3979 280 4049 borum
315 3977 449 4073 erigat,
482 4000 549 4048 uon
583 3984 718 4049 eurant=
757 3975 822 4048 aed·
843 3976 1042 4048 cadomum
1067 3978 1156 4050 iusta
1180 3985 1233 4050 est

165 4093 333 4187 recitatio,
360 4116 443 4192 quoe
469 4090 642 4192 utrumque
666 4094 850 4192 respiciens
857 4145 869 4186 ,
895 4095 930 4167 id
955 4097 1046 4195 agit,
1074 4105 1130 4189 ut,
1156 4096 1233 4169 dum
