2654 4786
473 380 543 435 ΜΗ.
560 381 605 435 ΙΙ..
623 380 707 434 chl'.
723 380 819 435 xxm.

591 529 629 617 l·
643 530 724 613 '³0¹2

209 667 411 737 Vehementer
431 666 569 732 delectati
591 672 660 730 sunt
680 686 803 731 numero
815 663 963 752 dactylico
976 661 1194 752 lyricimediae

125 769 242 851 aetatis,
264 767 407 852 Alcman,
435 767 643 850 Stesichorus,
664 765 790 854 Ibycus,
818 767 861 832 ita
881 774 914 831 ut
933 787 994 832 nou
1016 764 1105 830 modo
1128 767 1193 830 bre-

124 871 238 935 viorum
261 869 422 934 formarum
444 869 617 958 permultas,
639 869 691 934 sed
714 868 803 933 etiam
823 869 989 955 longiores,
1010 888 1096 955 quam
1118 887 1193 953 quae

126 972 234 1037 ceteris
255 972 287 1035 in
310 993 364 1036 usu
386 971 517 1053 luerunt,
537 969 800 1057 frequentaverint
838 970 936 1055 Atque
957 967 1194 1057 heptameter

125 1071 380 1139 catalecticus
402 1072 440 1136 in
462 1071 664 1160 syllabam,
686 1069 1194 1157 quembexametrumhyper·

125 1175 349 1241 catalectum
372 1183 401 1237 et
423 1172 655 1242 Alcmanium
683 1184 769 1239 vocat
789 1171 913 1237 Servius
934 1191 963 1259 p.
987 1168 1094 1252 1821,
1112 1170 1194 1234 inve·

76 1273 84 1285 ”
125 1277 204 1343 nitur
225 1276 256 1340 in
279 1273 445 1341 Stesichori
466 1273 576 1362 fragm.
599 1295 646 1363 ap.
668 1274 778 1339 Athen.
798 1273 854 1338 Xl.
875 1295 904 1361 p.
925 1268 999 1337 499.
1022 1270 1058 1336 B.

210 1419 275 1474 ιιῒιν
295 1406 509 1490 ἐπισχόμενος,
531 1403 567 1472 τό
588 1403 629 1492 ῥά
652 1407 680 1473 oi
702 1406 858 1492 παρέθηκε
882 1401 985 1480 Φόλος
1005 1400 1147 1488 κεράσας.

594 1592 629 1679 ι.
650 1592 724 1658 son.

211 1745 462 1834 Heptameter
490 1744 743 1810 catalecticus
765 1745 801 1808 iu
830 1716 1082 1832 disyllabum,
1108 1763 1194 1830 quem

127 1845 407 1913 Stesichorium
430 1844 555 1911 Servius
566 1853 661 1927 vocat,
683 1847 803 1934 saepius
825 1845 856 1909 in
873 1843 1053 1932 fragmentis
1075 1843 1194 1909 illorum

126 1948 290 2036 lyricorum
310 1946 551 2035 deprehenditur,
574 1953 606 2011 ut
626 1945 794 2011 Stesichori
815 1968 863 2035 ap.
885 1944 985 2011 Strab.
997 1942 1053 2010 111.
1076 1966 1105 2034 p.
1124 1942 1196 2009 148.

127 2049 162 2114 B.
200 2051 273 2114 221.

187 2049 404 2250 (Ταέτησσοῦ.
437 2169 579 2244 ποταμοῦ
617 2163 703 2248 παρὰ
739 2169 838 2249 πῆγας
869 2163 1032 2249 ἅπῑῖθθναέ
1064 2161 1196 2245 ἆθλυθθ·

779 2267 888 2348 ρλζονς.

125 2399 204 2470 Vide
226 2399 362 2467 Alcman.
383 2398 422 2464 fr.
444 2397 569 2467 ahto
591 2398 643 2466 78.
691 2400 754 2465 Ηὶο
780 2401 961 2488 heptameter
987 2399 1065 2467 sice.
1080 2399 1114 2463 iu
1134 2397 1199 2486 syl·

126 2501 224 2568 labam
244 2499 309 2566 sive
330 2498 363 2564 in
385 2499 564 2586 disyllabum
578 2500 774 2567 ‘catalecticus
800 2523 840 2566 ex
869 2523 927 2567 nuo
955 2510 1067 2566 tautum
1089 2500 1199 2569 ordine

127 2602 242 2667 videtur
264 2609 413 2682 constare,
435 2612 464 2665 et
485 2602 611 2690 proinde
634 2603 723 2668 etiam
746 2623 850 2668 carere
873 2622 1007 2679 caesura.
1056 2601 1201 2679 Numer

126 2703 259 2791 pluribus
282 2701 436 2766 ordinibus
458 2702 582 2767 duorum
604 2704 729 2769 triumve
744 2703 850 2792 pedum
876 2703 905 2768 si
925 2723 1097 2791 componas,
1119 2724 1199 2769 sem·

126 2825 181 2892 per
201 2804 332 2890 ineptum
355 2823 505 2871 numerum
528 2804 690 2893 praebebit.
712 2804 877 2870 Subiicilur
897 2810 1006 2887 autem,
1027 2800 1200 2886 utvidetur,

127 2926 213 2990 quum
236 2903 304 2967 aliis
333 2901 508 2990 dactylicis,
541 2913 600 2968 tum
622 2904 678 2987 iis,
711 2906 760 2992 qui
791 2927 846 2993 per
878 2906 1014 2994 dipodius
1047 2904 1200 2970 incedunt.

126 3003 274 3093 Exemplo
301 3003 342 3068 sit
368 3003 455 3092 lbyci
482 3006 681 3092 fragmentum
703 3028 749 3094 ap.
772 3005 879 3071 Athen.
901 3004 989 3073 Xlll.
1010 3027 1039 3094 p.
1061 3003 1137 3071 564.
1160 3005 1200 3070 F.

129 3105 205 3190 quod
228 3107 269 3169 ita
290 3105 494 3170 scribendum:

216 3218 363 3307 Εὐρύαλε,
383 3224 538 3306 γλαυκέων
559 3225 705 3306 Χαρίτων
725 3220 833 3299 θάλος,

214 3419 405 3503 καλλικόμων
426 3425 594 3507 μελέδημα,
616 3427 650 3490 σέ
669 3427 726 3507 μὲν
747 3423 869 3510 Κύπρις

215 3521 276 3587 ἅτ’
302 3520 555 3611 ἀγανοβλέφαρος
574 3527 686 3592 Πειθὼ
708 3526 859 3614 ῥοδέοισιν
879 3528 911 3592 ἰν
931 3524 1040 3592 ἄνθεσι
1059 3526 1200 3612 θρέψαν.

130 3656 207 3725 Vide
229 3656 264 3742 §-
286 3656 359 3724 305.

590 3814 625 3900 ὓ.
653 3814 728 3883 aba

216 3959 309 4024 nouit
347 3961 395 4026 his
424 3962 548 4029 Servius
584 3974 826 4031 octametrum
858 3965 1124 4030 catalecticum
1158 3967 1201 4033 in

107 4155 113 4172 „
130 4059 330 4145 syllabam,
352 4086 436 4150 quem
453 4077 539 4132 vocat
557 4067 822 4155 heptametrum
845 4067 1198 4156 hypercatalectun
