2654 4786
126 377 148 445 4
524 394 593 450 nra
610 397 632 448 4.
665 393 745 450 use.
762 394 797 447 44.

127 548 290 636 spatiorum
311 544 506 635 descriptioni
526 566 682 611 commune
701 551 761 611 est:
790 545 878 632 idque
907 552 1047 634 punctum
1070 552 1117 609 est
1139 565 1199 610 me·

128 648 221 731 diurn,
240 647 318 736 qued
341 657 510 714 centrum
532 656 664 713 vocatur.
698 647 751 712 Est
774 666 849 734 ergo
871 655 1038 711 centrum
1060 655 1200 734 punctum

128 750 245 816 unicum
271 749 305 815 in
331 749 431 836 aliquo
451 748 652 838 descriptione
673 749 854 838 spatiorum,
878 747 970 815 totius
989 747 1201 836 descriptionis

129 852 271 918 unitatem
292 852 459 917 continens.
557 878 560 885 ⁴

608 981 723 1091 444.

215 1086 332 1173 caussa
353 1104 519 1172 absoluta
510 1100 627 1171 mitium
649 1115 695 1170 est
717 1103 848 1197 numeri:
867 1126 947 1222 ‘pars
969 1101 1121 1187 absoluta,
1144 1123 1203 1167 me·

129 1206 209 1275 dium
224 1202 347 1296 figurae
368 1203 588 1299 symmetricae.
631 1186 740 1272 Finem
761 1206 877 1294 numeri
898 1228 981 1291 vero,
1002 1204 1204 1292 terminosque

130 1306 246 1399 figffurae
272 1330 332 1376 uon
358 1304 431 1375 licet
450 1308 623 1377 notionibus
651 1331 690 1374 ex
717 1306 784 1398 ipsa
811 1309 927 1375 numeri
954 1304 1203 1396 symmetriasque

130 1418 236 1507 natura
242 1410 358 1503 petitis
380 1408 516 1494 definire,
539 1410 685 1499 quiahoc
706 1417 800 1476 totum
822 1409 1025 1510 experientiae
1048 1417 1103 1472 est.
1141 1403 1205 1472 Sed

131 1519 161 1579 44
181 1502 371 1579 numerorum
393 1522 423 1579 et
445 1511 605 1599 figurarum
627 1513 882 1600 symmetricarum
912 1511 968 1577 dno
990 1531 1105 1600 genera
1125 1516 1205 1593 suut,

134 1637 220 1681 unum
242 1614 371 1705 simplex
393 1621 425 1679 ut
445 1612 476 1678 in
498 1614 629 1680 numeris
653 1613 696 1696 iri,

131 1833 162 1896 in
173 1796 291 1921 figuris
312 1832 524 1929 symmetricis,
543 1802 683 1917 circulus,
704 1833 861 1922 pyramis,
869 1796 1058 1921 quadratum,
1080 1831 1206 1899 aiterum

131 1934 325 2050 compositum
354 1955 393 2001 cx
420 1920 553 2001 eiusdem
574 1934 690 2001 numeri
710 1934 759 2001 vel
779 1933 895 2023 figurae
909 1932 1092 2050 iteratione,
1120 1942 1153 2019 444
1173 1931 1206 2001 iu

131 2034 263 2103 numeris
239 2035 381 2200 ὐ444,

132 2255 164 2321 in
186 2152 744 2344 4444444444444444414144444,
765 2255 904 2320 arborum
926 2255 1016 2320 certis
1038 2253 1206 2343 proportio-

133 2356 219 2422 nibus
241 2357 452 2445 dispositarum
474 2356 702 2422 vicissitudines.
731 2355 767 2421 lu
789 2357 836 2422 his
858 2356 992 2433 omnihus
1014 2355 1121 2442 regula
1142 2377 1206 2420 cer-

133 2458 213 2525 nitur
234 2458 377 2546 empirica
398 2457 443 2524 vel
465 2458 591 2524 arbitrio
618 2458 795 2539 constituta,
824 2480 882 2523 una
909 2467 992 2548 parte
1020 2479 1073 2546 pro
1102 2478 1207 2522 norma

133 2569 258 2648 sumpta.
278 2558 366 2628 Vnde
387 2558 416 2624 si
437 2567 571 2625 44444444
592 2581 661 2648 pars
684 2558 839 2624 dissimilis
861 2567 917 2641 est,
939 2581 1017 2625 nunc
1031 2559 1137 2625 deesse
1150 2559 1206 2625 ali·

133 2660 216 2747 quid,
236 2682 314 2726 nunc
334 2682 477 2750 superare
498 2661 695 2726 existimatur.

609 2818 646 2934 ’4.
676 2845 725 2927 rs.

219 2981 296 3048 iliud
318 2990 444 3070 tempus,
464 2982 496 3048 in
519 3001 575 3068 quo
596 2981 672 3047 ictus
695 2989 751 3065 est,
772 2983 894 3064 arsin3
916 2994 1108 3071 eaternpora,
1130 3002 1205 3069 quae

133 3092 237 3151 carent
256 3083 333 3166 ictu,
356 3083 481 3150 thesin
502 3103 652 3165 vocamus,
674 3083 810 3172 exemplu
832 3084 872 3150 R
895 3084 1035 3165 Bentleii,
1057 3083 1134 3171 quod
1156 3083 1209 3149 44

113 3185 210 3277 ‘muri
230 3185 348 3251 videtur
367 3185 544 3250 auctoritate
571 3184 723 3250 Prisciani
744 3207 773 3274 p.
796 3185 888 3252 1289.
917 3196 947 3252 et
973 3185 1119 3251 Martiaui
1147 3184 1207 3252 Ca·

134 3285 233 3374 peliae
255 3307 294 3374 p.
322 3286 468 3355 141444.
495 3285 641 3352 Meibum.
696 3285 801 3354 Ceteri
834 3288 949 3353 metrici
985 3309 1050 3354 cum
1084 3287 1207 3352 musicis

135 3387 285 3454 ueteribus
311 3388 410 3452 thesin
439 3397 560 3471 vocant,
589 3409 674 3475 quam
703 3409 756 3454 nos
777 3389 876 3470 arsin3
904 3390 1003 3472 arsin,
1036 3410 1122 3476 qnam
1149 3409 1207 3454 nos

135 3488 243 3556 thesin.
293 3488 481 3577 Omninoque
502 3489 561 3555 aiio
584 3491 671 3556 modo
694 3490 741 3556 his
763 3491 932 3558 nominibus
955 3500 1091 3574 utuntur,
1121 3490 1207 3556 cuins

135 3591 225 3674 ratio,
246 3591 402 3656 coniuncta
422 3590 476 3656 iiia
496 3613 561 3656 cum
584 3592 720 3659 doctrina
740 3592 864 3676 musica,
885 3596 1064 3683 perobscura
1086 3600 1142 3657 est.

612 3778 648 3865 §-
679 3777 728 3844 ra

220 3912 327 3978 Potest
347 3912 438 3996 ictus,
466 3914 516 4002 qui
537 3913 679 3982 iudicium
707 3920 753 3978 est
771 3932 898 3978 caussae
918 3913 1089 3996 absolutae,
1116 3911 1207 3978 etiam

136 4012 173 4079 ad
195 4014 304 4079 seriem
326 4014 384 4080 iam
406 4014 573 4083 inchoatam
596 4014 756 4097 accedere,
777 4024 809 4080 ut

273 4114 282 4142 Ι
