2654 4786
127 400 152 444 x
545 392 768 450 matamala.-

126 555 190 639 est,
217 557 255 618 ut
278 544 338 618 diu
362 547 565 643 multumque
589 572 664 620 unc<
679 547 717 619 in
740 547 924 643 sculpture,
946 571 1052 620 nnana
1068 550 1106 621 in
1131 575 1194 645 ge·

126 672 205 738 ner'c
233 664 386 737 carminis
401 699 404 703 ·
418 690 606 757 monemur,
638 689 761 761 neque.
778 664 936 738 ccufuudi
967 691 1031 738 nes
1056 674 1091 739 et
1115 693 1192 764 pen·

126 784 252 856 turbari
277 782 497 856 admiscendis
513 783 842 880 :alicniaxpatiamnm
892 783 1081 880 ¹Quidquid
1103 787 1192 858 enim

126 900 349 975 adsuescendc
370 902 610 975 addiscendum
635 909 700 993 eet,
726 901 926 997 aliquamdiu
951 903 1024 975 sine
1045 904 1194 976 interca-

125 1021 246 1119 pedine
261 1019 399 1092 tractari
421 1019 532 1111 debet,
559 1044 638 1116 qne,
665 1020 694 1091 si
712 1020 993 1117 singulayenitns
1003 1045 1083 1094 sese
1096 1023 1193 1095 nabis

125 1138 337 1230 insinuarint,
364 1138 484 1210 deinde
510 1138 720 1211 diversitates
741 1146 865 1234 sponte·
878 1138 1192 1235 animadvertamus.

228 1254 384 1328 Ceterum
410 1279 511 1352 saepe
535 1257 571 1328 in
598 1256 664 1329 boc
689 1279 811 1351 genem
829 1256 956 1329 multa:
971 1282 1055 1354 cpns
1072 1266 1134 1329 est
1156 1267 1194 1332 et

125 1375 279 1471 diligenti
305 1375 520 1470 cogitatione,
546 1374 616 1466 ubi,
642 1398 702 1447 cur
727 1373 810 1471 qnid
828 1374 1023 1471 etquandu
1047 1375 1122 1447 lieri
1131 1383 1193 1449 aut

125 1518 191 1565 nun
217 1492 292 1565 lieri
316 1493 446 1584 sulcat,
479 1493 565 1564 ratic
599 1492 766 1565 reddenda
785 1499 856 1567 cst.
909 1491 1085 1590 Exempla
1117 1502 1193 1567 utar

125 1613 308 1702 luculente,
334 1611 376 1681 de
402 1635 468 1705 quc
494 1611 574 1682 clim
599 1609 737 1683 multum
762 1617 796 1683 ct
815 1610 986 1702 acerbius,
1011 1635 1117 1707 quam·
1132 1612 1193 1685 de·

127 1731 243 1820 cebat,
275 1727 476 1824 disputatum
509 1735 575 1800 est.
631 1727 734 1801 Nam:
749 1753 849 1825 quum
873 1739 972 1802 esset·
995 1731 1192 1827 quaesitum,

127 1853 286 1920 annecte
312 1847 348 1918 in
373 1846 515 1918 tninetri
548 1847 667 1919 comici
698 1847 795 1943 pede·
813 1855 956 1943 quanta,
982 1847 1075 1920 si-is
1108 1868 1193 1921 ana·

126 1972 261 2063 pacatus
288 1972 397 2058 esset,
422 1965 480 2036 ita.
495 1973 612 2062 pessel
633 1965 760 2057 incid,
793 1965 993 2039 uenatum
1017 1964 1193 2061 inpriore

127 2084 276 2158 brevium
301 2083 500 2179 syllabarum
524 2083 784 2175 lininetnn,:alii
807 2083 844 2156 id
868 2083 1015 2173 linitum,
1043 2083 1101 2156 alii
1126 2108 1193 2156 nnn

125 2203 266 2294 licitum,
292 2202 490 2295 aliijcertis
505 2201 746 2275 conditionibus
760 2201 895 2274 diuitum
909 2200 1110 2274 iudicanant.
1131 2200 1193 2274 Ex

126 2321 245 2417 quibus
262 2320 328 2416 qui
353 2319 395 2391 de
412 2321 475 2393 bac
491 2345 528 2392 nc
544 2320 737 2417 disputavit,
759 2317 844 2392 Gar.-
856 2319 1041 2415 ‘Remigius-
1057 2321 1093 2391 in
1106 2320 1194 2392 Dia-

126 2439 188 2511 niis
203 2438 400 2511 lunensibus
414 2464 460 2510 m.
476 2438 657 2512 Deccmbri
681 2463 714 2511 a.
732 2439 924 2513 lant-abl.
935 2443 1035 2514 ΜΒ.
1050 2446 1085 2513 at
1102 2441 1192 2512 aad.

126 2558 283 2655 proxime
307 2558 600 2630 uernmnaceeseit.
627 2555 727 2629 ,Non
760 2557 851 2629 euim
873 2557 1058 2630 c'enlectam
1083 2557 1125 2630 ab
1143 2581 1192 2630 ec

127 2700 202 2748 esse
227 2699 298 2747 rem
324 2675 485 2768 dixerim,
519 2676 576 2770 qui
606 2700 674 2747 ncn
694 2680 811 2769 »putem
834 2699 948 2747 venum
974 2700 1071 2766 esse,
1104 2675 1193 2771 quud
1226 2688 1230 2697 ’

127 2794 396 2886 ille·3ccntendit,
422 2793 627 2866 insecundo
654 2799 836 2888 quanteque
861 2793 1193 2889 peda-eannincisic-

126 2921 395 3010 uemprcpterea
413 2920 511 2985 necte
536 2937 575 2984 se
600 2912 735 3002 babere,
751 2911 900 3007 ,quodni
916 2911 1020 3008 peden
1034 2910 1191 3007 syllabam

18 3040 20 3046 '
127 3031 305 3127 ancipitem
330 3031 581 3127 adspernantur,
607 3029 749 3126 ideoque
770 3030 881 3125 prima
906 3031 1022 3103 bacam
1037 3030 1194 3100 >breuinm

128 3151 318 3222 necessarie
336 3150 447 3222 statim
462 3173 523 3246 pru
541 3148 636 3220 brevi
649 3156 861 3244 agnoscatur,
887 3171 993 3245 neque
1006 3147 1194 3244 ambignum

71 3314 74 3319 -
128 3275 282 3360 maneat,
314 3275 423 3340 utram
447 3294 509 3365 pre
536 3268 647 3360 brevi,
680 3290 722 3338 an
747 3291 808 3364 pne
834 3269 938 3364 lunga
961 3266 1110 3339 habenda
1135 3267 1193 3358 sit,

127 3387 217 3484 qnod
242 3387 329 3480 fure,
355 3387 445 3459 siin
470 3388 571 3461 tentia
596 3387 752 3484 quintove
778 3386 863 3483 pede
888 3385 1049 3458 eiusmodi
1072 3383 1193 3457 incisio

128 3506 201 3577 liat.
225 3505 311 3578 Nam
336 3506 594 3602 ambiguitatem,
622 3528 717 3601 quam
741 3505 777 3577 in
801 3506 909 3577 tentia
927 3511 962 3574 et
978 3503 1092 3597 quinte
1108 3501 1193 3599 pede

126 3625 325 3714 exstituram
351 3624 445 3717 dicit,
471 3625 563 3696 nulla
589 3630 660 3695 esta
687 3630 734 3714 et,
762 3622 792 3695 si
817 3646 891 3718 qna·
907 3628 979 3712 est,
1016 3629 1068 3693 est
1094 3620 1194 3692 etiam

126 3743 163 3815 in
189 3742 334 3817 eccundc
363 3751 544 3839 quartoque
568 3742 688 3839 peda·
718 3740 887 3832 Quoniam·
908 3738 995 3810 enim
1015 3762 1194 3835 quaecum·

129 3886 194 3957 que
225 3862 260 3934 in
295 3861 404 3936 medie
428 3863 579 3934 bimetra
604 3859 791 3932 inveniatur
822 3857 950 3954 syllaba
974 3880 1116 3954 auceps,
1134 3881 1194 3929 ex

126 3981 257 4053 numeri
282 3981 358 4077 lege
380 4004 453 4077 pne
479 3979 573 4052 breui
597 3984 676 4070 est,
702 3984 761 4069 ut,
792 3977 826 4049 si
859 3984 977 4048 natura
1009 3977 1111 4072 lunga
1135 3974 1195 4067 sit,

130 4099 241 4172 bnevis
273 4099 419 4195 syllabae
453 4100 564 4173 locum
603 4101 733 4184 teneat3
774 4094 805 4167 si
840 4095 959 4169 beania.
983 4095 1029 4169 aa
1049 4100 1195 4185 natura
