2654 4786
433 425 482 477 mr
499 424 661 480 urmuars
680 426 899 483 comeaeris.
1136 398 1201 480 '22'9

601 576 634 662 §-
658 577 729 644 uae.

214 708 297 774 Hine
308 708 515 798 explicandum
528 710 655 793 videtur,
677 713 754 798 qued
776 714 924 800 spondeus
947 715 1004 779 iste
1022 715 1198 787 solutionem

130 832 205 898 quae
226 811 258 876 iu
280 810 421 876 trochaeo
444 811 494 897 qui
515 813 667 899 praeeedit
688 814 808 902 saepius
825 816 984 898 iuvenitur,
1007 825 1131 883 autnon
1149 816 1200 884 ad·

129 913 233 996 mittit,
254 920 304 977 aut
325 912 496 978 rarissime:
592 960 596 965 -

129 1249 255 1320 Vnicum
276 1248 352 1338 apud
373 1247 537 1313 Pindarum
560 1249 725 1336 exemplum
749 1258 795 1316 est
816 1253 846 1316 iu
868 1251 971 1319 lsthm.
995 1253 1033 1318 ΙΙ.
1056 1254 1176 1342 epedis:

216 1365 334 1449 ndum
354 1363 537 1430 ἀναδεῖσθαι
560 1368 693 1432 σελίνων.

217 1465 287 1533 οὔτε
307 1462 503 1549 μελικόμπων
524 1465 643 1531 ἀοιδᾶν.

216 1572 312 1647 ξεῖνον
334 1568 408 1649 lpida
428 1567 544 1650 ἠθαῖον
564 1567 669 1654 ttdpg.

129 1705 272 1771 Dubitari
292 1714 389 1769 tamen
411 1703 448 1769 de
469 1725 505 1769 ee
527 1713 642 1792 potest,
665 1705 734 1790 quia
755 1708 786 1768 iu
809 1707 904 1792 prima
926 1707 1020 1794 epedo
1044 1707 1112 1773 libri
1135 1730 1197 1775 em·

82 1823 85 1829 ’
130 1829 183 1873 ues
206 1805 367 1871 dederetur
390 1806 499 1869 habeut
529 1814 702 1891 poteratque
729 1812 816 1893 poeta
839 1808 868 1871 iu
897 1808 1032 1873 secunda·
1056 1806 1093 1872 οὗ
1113 1815 1200 1888 μελι-

129 1903 276 1993 φθόγγαιν
300 1904 424 1982 ἀοιδᾶν,
464 1906 495 1972 in
523 1906 617 1973 tertia
639 1905 713 1987 ἔμὸν
741 1908 835 1982 ξεῖνον
863 1899 920 1971 εὖτ’
952 1907 1066 1989 ἠθαῖον
1101 1908 1198 1996 ἔλθῃς

130 2009 284 2075 seribere..

601 2158 635 2244 §-
663 2159 736 2225 aaa.

212 2292 328 2365 Vltima
348 2292 462 2389 epitriti
484 2293 601 2381 syllaba
623 2316 683 2360 uer
706 2293 794 2358 aliter
815 2316 924 2382 auceps
948 2301 1011 2378 est,
1039 2295 1060 2362 i.
1083 2317 1109 2359 e.
1132 2297 1199 2361 bre·

130 2416 194 2475 vem
216 2393 385 2485 prolonga
407 2393 552 2476 admittit,
578 2416 663 2481 quam
687 2402 737 2459 aut
757 2417 880 2460 numere
903 2395 962 2460 alio
986 2403 1145 2482 sequente,
1168 2405 1200 2461 ut

130 2482 290 2584 dactylico,
311 2493 358 2561 vel
380 2493 512 2577 Cretico,
534 2502 566 2559 ut
588 2495 664 2582 apud
686 2495 850 2560 Pindarum
873 2496 920 2563 01.
933 2496 1051 2565 VL30.
1074 2496 1128 2562 ΧΙ.
1147 2496 1198 2562 ld·

214 2613 303 2699 deripi
325 2609 429 2692 κώμου
451 2608 585 2701 δεσπότᾳ
606 2610 732 2696 πάρεστι
756 2613 950 2700 Συρακοσίῳ.

213 2713 292 2780 ἔνθα
313 2711 535 2798 συγκωμάξατ’·
558 2711 755 2798 ἐγγυάσομαι.

127 2857 178 2914 aut
199 2849 330 2913 membru
352 2848 412 2914 adiu
434 2870 473 2912 ex
494 2849 623 2936 epitritis
644 2850 734 2913 factu.
775 2836 888 2922 'Quare
914 2850 1120 2913 emendatione
1152 2851 1197 2913 iu·

127 2950 235 3038 digere
266 2949 382 3015 videtur
412 2951 559 3016 secundae
590 2951 732 3039 strophae
763 2953 876 3036 primus
908 2972 1011 3015 versus
1043 2950 1074 3014 iu
1108 2950 1195 3016 Piud.

127 3051 233 3118 latiam.
255 3050 314 3120 ΙΙΙ.

214 3167 279 3234 ἔστι
298 3193 352 3250 μοι
374 3173 456 3233 θεῶν
478 3168 561 3232 ἕκατι
581 3171 676 3254 μυρία
699 3173 798 3233 naurdi
819 3170 973 3243 κέλευθος.

598 3338 632 3423 §-
655 3334 728 3401 540.

212 3473 391 3560 Plerumque
414 3472 488 3554 due,
510 3472 563 3536 sed
585 3495 674 3561 saepe
697 3474 784 3536 etiam
809 3480 869 3536 tres
892 3472 1005 3560 epitriti
1029 3494 1086 3537 unu
1109 3494 1197 3537 mem·

124 3577 181 3641 bre
205 3572 507 3662 comprehenduntur,
529 3583 560 3637 ut
580 3574 611 3637 iu
632 3573 721 3637 Piud.
744 3572 791 3638 01.
814 3571 871 3642 ill.

214 3693 328 3780 Δωρίῳ
342 3691 456 3780 ,φωνὰν
478 3687 642 3776 ἐναρμόξαι
670 3690 791 3777 πεδίλῳ.

466 3930 475 3939 .
596 3876 632 3960 ᾧ.
653 3874 725 3941 541.

191 3978 339 4098 dyllaba
366 4032 489 4100 auceps.
503 4009 641 4097 queniam
658 4011 699 4073 'iu
723 4007 828 4073 mediis
851 4006 988 4071 membris
1012 4005 1196 4093 epitritorum

125 4111 245 4179 admitti
256 4134 314 4180 uou
333 4118 441 4202 puteat,
457 4110 626 4194 videndum,
642 4110 737 4176 dicati
754 4109 913 4191 iuvenitur,
931 4118 968 4172 ue
983 4113 1033 4171 aut
1045 4106 1197 4194 'scriptura
