2654 4786
129 353 191 422 rto
483 371 553 427 1111
568 373 604 426 n.
638 371 715 428 one.
732 373 816 427 xxv.

127 545 183 590 nos
205 543 358 589 caesuram
379 504 537 610 impediat,
566 530 699 611 apertum
722 531 783 605 est,
811 521 1000 611 praecedenti
1026 521 1074 588 vel
1095 523 1197 589 versui

126 626 176 693 vel
195 625 326 695 membro
348 623 564 691 attribuendam
580 644 648 689 esso
659 621 814 712 syllabam,
836 622 1050 710 qoaaeliditur.
1072 623 1197 707 Fuisse,

127 725 177 814 qui
204 729 270 806 Ζῆν
297 722 532 811 monosyllabum
559 724 725 790 seriberent
750 722 827 813 apud
859 725 1039 808 Homerum,
1067 722 1198 813 colligas

128 847 168 892 ex
198 825 355 891 Eustathio
384 821 506 913 11984.
530 825 593 889 init.
645 824 730 911 lique
750 833 841 892 reete.
891 825 1012 892 Alteros
1033 818 1199 913 Virgilius,

128 925 297 1013 exquisitae
319 925 472 993 doetrinae
490 914 605 991 laudem
619 925 775 1009 affectans,
791 934 924 993 secutus:
948 923 1063 1014 Georg.
1075 925 1106 1010 l,
1123 925 1199 992 295.
1252 1010 1257 1016 .

212 1056 279 1110 aut
297 1044 410 1109 duleis
430 1046 540 1108 maesti
566 1040 716 1109 Volcano
739 1043 903 1131 decoquit
922 1044 1114 1128 humorem,

211 1159 248 1212 ot
262 1146 374 1231 fole'a‘s
395 1145 524 1209 undam
546 1144 660 1232 rapida·
678 1145 859 1230 despumat
879 1144 993 1212 aheni.

129 1282 205 1385 vide
226 1281 268 1347 11.
290 1280 341 1348 69.
363 1277 436 1346 344.
458 1277 609 1346 111242.
631 1277 704 1346 449.
727 1292 757 1346 et
778 1278 913 1348 Macrob.
932 1279 969 1349 V.
992 1277 1044 1348 14.

592 1482 627 1568 s.
654 1483 727 1548 nso.

211 1635 248 1700 ln
281 1656 382 1724 parum
412 1634 532 1699 utilibus
567 1633 825 1723 grammaticorum
854 1601 1079 1701 subtilitatibus·
1095 1655 1201 1700 nume·

128 1737 238 1803 naudus
259 1757 380 1817 uersus,
408 1757 493 1821 quem
521 1733 585 1798 κατ’
615 1733 753 1800 ἐνόπλιον
773 1742 895 1820 uocant,
924 1736 973 1822 qui
1000 1758 1040 1800 ex
1070 1733 1201 1803 duorum

80 1912 85 1923 ⁸
128 1828 312 1925 dautylorum
333 1840 365 1901 et
385 1836 510 1925 spondei
537 1831 697 1903 iteratione
718 1830 849 1919 constat,
878 1844 910 1902 ut
930 1834 1017 1901 Iliad.
1044 1860 1074 1902 u.
1101 1835 1179 1903 957.

211 1950 259 2054 ὥς·
274 1943 356 2041 mdia
378 1953 562 2047 dannomine,
584 1930 640 2019 wa
662 1952 690 2018 δ’
712 1953 798 2019 ἔκλυε
818 1951 927 2019 πότνια
947 1949 1060 2040 μήτηρ.

127 2081 273 2157 Mettum
288 2086 353 2154 κατ’
388 2084 541 2165 ἐνόπλιον,
570 2080 690 2176 dequo
718 2113 746 2157 v.
768 2088 870 2156 Schol.
900 2066 1065 2179 idephaest
1091 2112 1123 2178 p.
1155 2089 1198 2157 91

128 2191 240 2283 (179).
268 2191 404 2257 Eustath.
425 2213 455 2280 p.
478 2189 573 2274 1899,
594 2190 645 2255 60.
668 2189 770 2256 Schol.
793 2189 948 2280 Aristoph.
970 2181 1054 2273 Nub.¹
1071 2190 1146 2258 951.
1168 2200 1201 2257 et

77 2344 83 2358 .
128 2292 267 2378 quae'ibi
288 2292 436 2376 adnotavi,
459 2293 563 2378 quibus
585 2290 713 2357 addendi
734 2292 822 2357 Plato
844 2291 882 2358 de
903 2314 965 2383 rep.
987 2288 1045 2360 111.
1075 2289 1200 2382 [1499.

127 2391 164 2457 Β.
188 2400 217 2458 et
238 2392 423 2458 Scholiastes
452 2392 517 2458 eius
538 2413 567 2480 p.
592 2391 674 2473 155,
696 2392 732 2458 de
755 2415 811 2479 quo
839 2393 1018 2482 disputatum
1045 2393 1078 2461 in
1099 2392 1199 2461 Elem.

128 2492 156 2558 d.
179 2515 216 2559 m.
238 2493 362 2582 11352.
384 2495 438 2559 has
459 2494 575 2559 videtur
596 2494 709 2561 formas
731 2495 885 2560 habuisse:

570 3022 572 3026 ‘
598 3046 634 3136 o.
647 3050 730 3151 Ι111.

47 3290 53 3297 Δ
212 3202 313 3268 Alium
334 3224 452 3268 uersum
473 3200 660 3290 grammatici
677 3202 815 3286 λογοειὸἢ
836 3201 883 3266 vei
905 3200 1060 3269 πολιτικὸν
1081 3214 1197 3289 vonam,

127 3303 263 3391 quodad
285 3324 403 3392 prosam
426 3302 591 3368 orationem
613 3300 750 3369 accedat:
772 3301 808 3369 11.
830 3307 858 3370 1.
880 3303 953 3373 679.

209 3420 324 3496 ἵππους
346 3420 380 3484 δὲ
400 3419 519 3497 ξανθὰς
540 3417 650 3485 ἑκατὸν
669 3420 721 3484 καὶ
743 3416 937 3503 πεντήκοντα.

127 3554 175 3621 Ae
201 3576 274 3621 sane
307 3562 353 3620 est
374 3554 518 3641 quoddam
540 3575 636 3642 genus
665 3576 770 3622 versus
796 3555 932 3640 111τοί11,Ι
952 3558 982 3622 in
1012 3579 1086 3646 qno,
1114 3560 1197 3627 nulla

126 3657 283 3744 gravitatis
305 3656 422 3721 ratione
444 3657 560 3739 habita,
589 3657 646 3722 hoe
672 3664 784 3722 tanturn
804 3665 936 3742 curatur,
958 3668 990 3726 ut
1003 3680 1050 3725 uo
1070 3681 1196 3750 prorsus

125 3757 216 3825 rudes
236 3766 323 3845 atque
344 3757 464 3847 ineptos
484 3778 624 3824 numeros
646 3759 761 3825 habeat.
790 3758 837 3824 Eo
854 3760 903 3825 usi
918 3769 997 3844 sunt,
1019 3758 1198 3848 quitatione

125 3869 304 3944 argumenta-
321 3867 353 3925 ot
378 3880 438 3926 non
460 3860 581 3925 muitum
601 3880 692 3949 snpra
712 3865 831 3950 prosam
852 3862 1018 3928 emtionem
1038 3860 1198 3931 etata'ali·

126 3983 183 4047 quo
205 3969 314 4027 tamen
331 3968 426 4029 metuo
454 3961 706 4051 comprehendere
732 3958 886 4046 volebant,
913 3971 946 4029 ut
972 3963 1196 4049 Archestnutus,

125 4061 209 4128 auios
229 4083 335 4152 poema
361 4063 538 4154 saepissime
564 4063 713 4130 laudatum
735 4065 772 4130 ab
793 4064 969 4151 Athenaeo,
995 4075 1026 4133 et
1048 4067 1196 4135 Horatius
