2654 4786
512 384 770 441 nomnnsvuu..
1130 368 1172 437 la

98 539 174 605 ltem
193 545 361 619 metrum3
385 538 461 606 unde
478 536 609 622 dimetri,
629 535 768 620 trimetri,
791 535 967 618 tetrametri,
983 537 1172 625 pentametri,

97 640 266 707 hexametri
287 661 408 723 versus,
435 639 487 727 qui
507 647 660 728 quattuor,
680 660 753 720 sex,
775 644 861 721 octo,
882 637 995 720 decem,
1016 636 1171 703 duodecim

97 741 225 831 pedihus
247 749 394 824 coustant,
414 740 475 806 nisi
495 741 527 807 in
548 739 705 829 dactylicis
727 739 869 823 numeris,
891 738 922 807 io
938 739 1042 827 quihus
1059 738 1173 827 singuli

97 843 191 931 pedes
214 851 308 909 metra
328 848 528 909 numerantur.

579 1008 615 1097 a.
637 1008 688 1076 ss.

165 1147 320 1236 Anceps
349 1168 504 1229 mensura,
531 1146 596 1212 sive
623 1141 811 1232 ἀδιάφορος,
840 1143 964 1228 dicitur,
992 1167 1067 1233 quae
1097 1147 1171 1212 nihil

97 1250 226 1315 interest
252 1247 344 1336 longa
378 1270 415 1313 au
438 1248 537 1313 hrevis
560 1249 614 1313 sit:
643 1247 680 1313 de
708 1270 766 1335 qua
793 1247 907 1313 dicetur
928 1247 1017 1315 infra.
1066 1249 1171 1315 lrra·

96 1350 264 1416 tionalis
287 1372 441 1431 mensura,
471 1349 535 1414 sive
566 1347 692 1434 ἄλογος,
721 1372 757 1415 ea
784 1357 925 1432 vocatur,
951 1372 1026 1436 quac
1052 1352 1172 1419 hrevior

94 1452 206 1541 longa:
229 1451 351 1539 longior
372 1451 455 1517 hrevi
476 1459 530 1516 est.
575 1450 763 1538 Argutantur
782 1452 815 1519 in
835 1451 891 1516 hac
912 1451 1064 1518 Aristides
1078 1475 1106 1541 p.
1117 1449 1170 1519 45.

94 1561 128 1619 et
149 1552 326 1619 scholiastes
348 1551 580 1641 Hephaestionis
596 1576 624 1642 p.
640 1550 691 1619 79.
718 1552 812 1622 Vsum
834 1575 871 1618 ea
891 1553 981 1619 hahet
1001 1555 1032 1620 in
1053 1555 1172 1643 quihus-

94 1656 166 1721 dam
188 1656 319 1722 numeris
342 1653 508 1742 dactylicis,
529 1666 590 1720 tum
607 1654 638 1718 iu
650 1655 827 1722 comicorum
838 1656 946 1723 iambis
955 1657 1173 1755 trochaeisque

480 1888 789 1900 u———-—-——-———-

526 2076 662 2151 (lAP.
685 2079 743 2153 V·

277 2215 333 2287 lle
359 2217 678 2313 permutatione
704 2240 985 2292 numerorum.

576 2401 611 2486 s.
639 2400 690 2467 eu.

182 2535 310 2601 Numeri
331 2542 437 2602 natura
457 2557 512 2601 sua
533 2522 729 2602 immutabiles
750 2544 828 2602 sunt.
855 2536 925 2602 Nou
946 2545 1072 2626 possunt
1092 2539 1170 2606 enim

95 2658 235 2702 caussam
263 2637 295 2703 iu
321 2659 355 2702 se
382 2638 549 2722 continere,
582 2661 673 2727 quare
701 2640 788 2704 ctiam
811 2638 863 2703 alii
885 2641 963 2720 sint3
986 2663 1071 2727 quam
1093 2654 1170 2707 suunt.

96 2736 187 2813 Quod
209 2739 236 2803 si
256 2747 460 2827 permutantur
481 2740 597 2827 quidam
620 2740 752 2823 numeri,
775 2741 899 2806 arbitrio
922 2742 952 2808 id
975 2743 1007 2807 lit
1028 2744 1171 2809 utentium

95 2840 243 2923 numeris,
265 2840 318 2906 sed
341 2863 376 2907 eo
398 2841 536 2907 idoneam
558 2830 715 2929 rationem¹
735 2853 848 2910 secuto.
896 2842 973 2908 Nam
1002 2852 1032 2909 ct
1058 2866 1170 2934 pares

96 2963 167 3007 esse
188 2940 306 3024 dehent,
327 2943 377 3030 qui
398 2951 601 3035 permutantur
620 2945 747 3028 numeri,
768 2944 827 3009 ie.
844 2942 975 3010 eiusdem
998 2950 1169 3031 mensurae3

97 3057 130 3108 et
156 3043 322 3128 similes,
347 3044 368 3110 i.
391 3050 417 3110 a.
440 3030 490 3132 hui
512 3046 627 3113 modica
656 3068 722 3111 com
748 3044 913 3111 variatione
940 3046 1018 3112 idem
1047 3046 1169 3113 efficere

96 3144 262 3212 videantur.

577 3265 611 3352 a.
639 3264 691 3340 aa.
797 3338 804 3346 ,

185 3400 397 3466 Permutantor
417 3399 533 3466 numeri
554 3399 603 3466 his
623 3395 729 3466 modis.
762 3401 866 3467 Primo
888 3423 958 3491 per
978 3403 1169 3492 receptio·

95 3524 185 3568 nem
207 3509 413 3591 temporum
436 3502 731 3568 irrationalium.
782 3503 817 3569 ld
839 3503 955 3569 videtur
976 3504 1042 3569 lieri
1064 3505 1095 3569 in
1116 3527 1169 3570 nu·

96 3605 191 3670 meris
214 3603 387 3691 quibusdam
408 3604 584 3686 trochaicis3
612 3603 788 3694 disyllaham
818 3605 915 3671 thesio
942 3605 990 3671 vel
1011 3608 1168 3672 anacrusin

96 3726 154 3794 pro
177 3705 385 3794 monosyllaba
406 3704 638 3790 admittentibus
659 3707 761 3794 quales
771 3703 839 3773 sunt
850 3708 977 3773 trimetri
990 3708 1168 3774 comicorum

95 3805 299 3890 Graecorum
312 3834 315 3839 ·
326 3807 522 3892 Latinorum,
535 3836 539 3843 ·
553 3809 752 3896 antiquiorum
774 3808 908 3897 quidem,
936 3830 1038 3874 omnes
1063 3829 1168 3873 versus

95 3909 245 3975 trochaici
266 3917 354 3996 atque
375 3909 511 3975 iambici:
532 3911 564 3976 iu
586 3912 690 3998 quihus
720 3910 853 3999 dactylus
873 3918 903 3977 et
922 3916 1100 3998 anapaestus
1112 3922 1168 3996 pro

11 4034 14 4039 ·
94 4010 240 4078 trochaeo
263 4018 295 4076 at
312 4011 412 4078 lautho
431 4012 540 4100 positi,
567 4013 640 4079 duas
668 4014 773 4079 breves
798 4012 939 4101 syllabas*
957 4008 1167 4098 propemodum
1264 4066 1265 4070 ,

93 4112 364 4200 ιισί···δτονί,·ῳαο
383 4113 463 4179 iusta
481 4135 622 4183 mensura
642 4115 692 4200 sit,
712 4137 801 4205 pares
824 4114 962 4203 hahent„
1064 4172 1066 4176 ,
