2654 4786
355 1282 935 1484 sunnon

525 1641 742 1650 0-..4.-.„..--.--.
749 1643 782 1649 -.—

547 1812 684 1887 ιιι».
714 1815 757 1886 ι.
821 1910 823 1917 ,

418 1951 500 2024 De
566 1977 881 2026 numero.

607 2136 643 2223 ι,
672 2137 702 2204 ι.

202 2221 413 2338 Doctrina
435 2273 592 2346 metrica
613 2280 660 2338 est
680 2272 807 2341 scientia
828 2281 998 2339 metrorum.
1031 2272 1192 2340 Metrum

129 2382 167 2440 est
186 2374 281 2440 series
302 2381 465 2465 temporum
486 2381 595 2441 certam
618 2395 783 2440 mensuram
804 2374 982 2442 trabentium.

609 2543 643 2630 ι.
671 2543 702 2609 2.

203 2679 234 2744 N
242 2699 389 2745 umerus
411 2687 457 2744 est
471 2679 607 2745 ordinatu
623 2680 774 2745 successio
797 2688 971 2771 temporum.
992 2679 1033 2746 Ei
1046 2681 1077 2746 in
1095 2681 1194 2770 spatio

127 2779 283 2870 respondet
304 2781 539 2870 symmetria,
568 2803 643 2868 qnae
670 2790 717 2847 ιιι
744 2782 907 2869 spatiorum
934 2780 1072 2847 ordinata
1100 2783 1195 2847 conti·

126 2882 228 2948 unitas.
271 2881 375 2969 ltaque
396 2883 511 2948 numeri
532 2882 654 2972 propria
675 2890 745 2947 suut
767 2890 928 2972 tempora,
947 2904 1107 2968 eorumque
1127 2902 1194 2947 suc·

126 2985 232 3064 cessio;
254 2983 457 3072 symmetriae,
477 2985 591 3073 spatia,
612 3005 772 3070 eorumque
794 2985 983 3049 continuitas.
1026 2981 1192 3049 Commune

126 3087 273 3152 amborum
294 3085 368 3153 ordo
390 3094 448 3169 est,
470 3087 519 3173 qui
541 3096 587 3152 est
607 3084 763 3176 dispositio
786 3086 823 3151 ad
846 3083 944 3173 legem
961 3084 1090 3171 aliquam
1106 3084 1197 3151 sacta·

614 3254 649 3341 ι.
676 3255 707 3320 ι.

206 3392 285 3457 Eam
306 3390 404 3479 legem
428 3412 551 3456 necesse
568 3399 614 3457 est
635 3389 862 3456 obiectivam
884 3411 964 3473 esse,
984 3390 1006 3455 i.
1029 3404 1055 3456 ι’.
1077 3390 1109 3454 iu
1131 3390 1198 3479 ipsa

127 3492 327 3582 successionis
349 3501 380 3558 et
399 3492 604 3559 continuitatis
619 3491 872 3580 naturapositam,
894 3491 962 3579 quia
983 3493 1198 3558 subiectiva

128 3593 192 3678 lex,
216 3596 237 3660 i.
260 3617 286 3661 e.
309 3616 384 3682 quae
406 3616 423 3659 e
445 3616 536 3660 seusu
558 3593 855 3660 animadvertentium
877 3593 1036 3681 penderet,
1058 3593 1197 3680 quoniam

128 3697 183 3762 sibi
202 3719 264 3762 non
286 3703 450 3779 constaret,
471 3717 509 3761 ne
531 3695 636 3761 haberi
657 3695 773 3783 quidem
794 3714 849 3783 pro
871 3693 940 3781 lege
962 3702 1073 3783 posset.
1116 3693 1196 3758 Esse

131 3805 225 3864 autem
258 3798 358 3886 legem
388 3798 515 3885 aliquam
541 3797 716 3863 obiectivam
745 3805 775 3862 et
794 3796 911 3861 numeri
939 3805 969 3861 ιι
997 3794 1198 3882 symmetriae,

132 3919 168 3964 ιιι
196 3921 233 3966 eu
260 3907 396 3989 apertum
422 3907 485 3982 est,
515 3899 591 3986 quod
624 3921 699 3986 quac
725 3908 890 3989 temporum
917 3899 1116 3986 spatiorumve
1147 3894 1198 3960 de·

135 4000 252 4089 scriptio
280 4001 395 4066 habeat·
409 4023 561 4067 numerum
583 4002 838 4090 symmetriamve,
869 3999 983 4088 pariter
1008 4006 1111 4063 omnes
1132 3997 1199 4063 siue

135 4097 266 4170 dissensu
286 4109 393 4186 sponte
412 4103 592 4191 intelligunt.
996 4202 1011 4253 1
