2654 4786
134 407 168 452 lv
559 400 777 455 rudusculo.

234 551 321 644 Eos,
349 552 406 648 qui
432 554 484 624 vel
510 553 576 650 ipsi
602 578 646 625 ex
671 554 737 625 hoc
750 552 837 624 libro
855 550 926 623 siue
950 551 1027 622 vira
1050 550 1203 646 magistri

135 693 214 743 voce
241 694 443 766 cognoscere
469 678 574 742 metra
595 671 720 762 volent,
748 670 801 741 vel
822 669 907 740 alios
932 669 1201 741 honorationem

133 788 254 860 docere
280 788 467 880 instituent,
495 788 664 860 admoneri
691 811 811 883 operae
838 787 980 883 pretium
1007 794 1070 878 est,
1097 811 1202 858 neca

130 906 303 1002 negligant
311 957 323 996 ,
359 905 429 976 sine
464 905 581 1000 quibus
616 905 744 976 inutilis
779 913 813 976 et
845 904 940 1000 quasi
966 927 1066 975 caeca
1091 913 1201 976 manet

130 1032 307 1095 metrorum
335 1023 486 1095 scientia.
538 1021 627 1096 Sunt
653 1047 692 1094 ea
719 1031 825 1094 autem
853 1021 918 1093 tria
944 1021 1163 1118 potissimum.

231 1140 379 1212 Primum
414 1140 501 1211 euim
536 1141 657 1212 multos
690 1164 765 1211 esse
799 1138 886 1231 ridi,
921 1139 997 1235 qui,
1032 1140 1119 1234 quod
1146 1164 1198 1231 ea,

132 1281 215 1353 quae
241 1259 394 1330 universe
429 1257 469 1329 de
496 1266 614 1330 natura
640 1258 768 1329 numeri
793 1257 981 1353 disputavi,
1018 1282 1083 1328 non
1117 1259 1199 1329 satis

131 1375 390 1467 intellexissent,
417 1401 458 1447 ne
487 1376 690 1471 singulorum
719 1376 850 1471 quidem
868 1399 1076 1446 numerorum
1093 1375 1199 1446 ratio-

130 1517 204 1564 nem
231 1493 390 1589 legesque
416 1495 584 1591 potuerint
609 1494 827 1592 perspicere..
867 1491 1120 1574 Oblucrescunt
1146 1493 1198 1562 illi

129 1611 200 1682 lere
225 1611 260 1681 in
286 1636 347 1702 eo,
364 1611 463 1707 ‘quod
477 1613 691 1708 'temporibus
717 1613 869 1708 exprimi
885 1628 1074 1684 caussarum
1100 1619 1197 1707 atque

131 1730 305 1800 effectuum
342 1728 546 1800 consociatio
581 1729 730 1819 dicatur,
772 1754 871 1824 quum
906 1738 1015 1802 tamen
1048 1738 1198 1824 tempora
1246 1824 1248 1828 Α

128 1846 203 1942 ipsa
235 1871 296 1942 per
328 1870 365 1918 se
397 1871 463 1918 uon
499 1845 588 1915 aliud
622 1871 665 1918 ex
698 1846 765 1917 alio
791 1854 981 1917 nascautur.
1033 1847 1196 1936 Quoniam

129 1964 216 2035 enim
242 1964 413 2036 brevitatis
439 1949 566 2036 caussa
589 1987 689 2059 saepe
717 1963 757 2034 de
784 1963 986 2059 temporibus
1011 1963 1059 2033 ita
1084 1964 1197 2056 loqui-

58 2174 61 2181 ·
129 2106 222 2173 mur,
256 2082 476 2178 tamquamsi
501 2082 575 2176 ipsa
599 2103 737 2153 caussae
754 2081 967 2177 effectusque
992 2076 1081 2171 sint,
1109 2080 1197 2151 obli-

130 2201 322 2291 viscuutur,
358 2199 447 2295 quod
464 2223 610 2295 semper
644 2200 793 2271 volumus
814 2199 963 2295 intelligi
970 2249 983 2290 ,
1019 2198 1196 2294 imaginem

128 2326 255 2389 tautum
282 2341 472 2390 caussarum
499 2318 744 2390 consecutionis
771 2342 846 2390 csso
871 2342 1038 2390 numeros.
1077 2315 1194 2411 Imago

128 2443 238 2508 autem
262 2435 347 2507 illud
372 2442 444 2526 est,
470 2436 557 2531 quod
583 2461 649 2508 non
674 2436 957 2533 suapthuadam
989 2443 1106 2508 natura
1138 2442 1196 2505 aut

127 2555 327 2626 necessitate
352 2553 419 2624 tale
445 2561 515 2644 est,
537 2556 634 2650 quale
661 2562 724 2645 cst,
751 2554 811 2626 sed
837 2554 925 2650 quod
941 2562 1132 2650 propterea,
1157 2560 1195 2624 ut

128 2672 274 2767 speciem
300 2671 426 2743 relerat
448 2672 534 2744 alius
555 2672 618 2763 rei,
645 2672 799 2764 easdem,
815 2673 973 2768 quasilla
986 2696 1054 2763 res,
1080 2680 1193 2767 partes

129 2789 427 2886 proportionesque
452 2790 595 2886 partium
621 2789 732 2862 labet.
760 2789 843 2862 llis
866 2791 971 2886 igitur
995 2790 1130 2878 suadeo,
1156 2796 1194 2860 ut

126 2906 213 2978 hunc
238 2931 366 2978 omnem
390 2907 551 2979 rationem
583 2908 618 2978 iu
646 2907 806 2979 eiusmodi
838 2908 1045 3004 potissimum
1077 2931 1193 2978 exeun·

126 3024 204 3120 plis·
225 3024 456 3117 considerent,
489 3026 522 3096 iu
560 3025 677 3120 quihus
709 3050 863 3097 numerus
894 3027 982 3097 inest
1014 3048 1087 3095 cum
1114 3047 1192 3095 vera

127 3164 317 3212 caussarum
354 3151 460 3238 utque·
493 3143 668 3215 effectuum
710 3143 946 3239 progressione
983 3143 1191 3214 coniunctus.

125 3258 203 3332 Nou
227 3267 307 3331 sunt
330 3268 438 3332 autem
463 3262 534 3332 ulla
552 3261 598 3332 -ad
626 3261 713 3333 launo
738 3261 836 3334 finem
863 3262 967 3358 magis
983 3269 1061 3358 apta
1077 3285 1192 3332 exem-

126 3379 196 3473 pla,
224 3401 330 3472 quam
346 3401 429 3472 quae
456 3379 496 3449 alu
522 3379 806 3471 incessu,.cuusu,
833 3381 920 3452 saltu
934 3381 1000 3452 >vel
1025 3379 1190 3450 hominum

128 3496 181 3567 rol
206 3519 364 3591 equorum
389 3495 637 3592 depromuntur.
664 3496 777 3568 Vnum
803 3499 949 3587 allorum,
976 3521 1020 3567 ex
1047 3521 1111 3592 quo
1138 3497 1191 3567 in-

126 3613 236 3710 telligi
262 3613 398 3709 poterit,
425 3638 484 3685 cur
510 3614 611 3704 basis,
637 3638 734 3710 quam
760 3639 934 3705 vocamus,
960 3638 1091 3711 semper
1114 3623 1190 3686 ante

127 3731 230 3822 arsin,
256 3753 430 3826 numquam
458 3743 534 3804 autc
548 3733 735 3805 -anaorusin
759 3721 959 3805 inveniatur.
985 3733 1051 3823 Qui
1076 3758 1143 3804 uon
1169 3757 1188 3803 e

127 3872 238 3941 cursu,
263 3849 392 3939 sodex
416 3849 512 3945 ipso,
529 3850 566 3920 iu
581 3874 657 3946 2quo
682 3857 785 3942 stant,
810 3851 886 3922 loco
912 3850 1051 3946 pedibus
1068 3851 1189 3923 iunctis

126 3967 181 4036 rol
205 3967 328 4039 fossam
353 3967 407 4039 rel
432 3966 541 4039 funem
568 3969 753 4040 transsilire
773 3968 900 4059 volunt,
927 3970 1188 4066 colligendarum

125 4083 242 4156 virium
269 4109 386 4158 caussa
410 4086 517 4186 primo
543 4087 594 4159 lis
620 4086 774 4159 subsilire
791 4087 921 4178 solent,
948 4096 1016 4160 tum
1041 4089 1187 4178 tertium,
