2654 4786
553 391 622 445 LIB.
640 391 661 445 Ι.
696 391 774 446 ΟΑΡ.
791 392 813 445 1.

631 543 666 630 5.
697 542 729 610 ι.

228 676 361 743 Eandem
382 677 480 765 legem
503 677 592 743 etiam
614 676 810 744 formalem
833 700 901 744 osse
923 698 1046 744 necesse
1068 686 1125 762 est,
1148 678 1168 744 i.
1187 699 1213 745 e.

144 781 174 843 in
203 779 277 845 solis
305 779 487 868 temporibus
512 779 675 867 spatiisque
707 781 913 868 conspicuam3
941 801 999 844 non
1029 781 1214 845 materia·

143 881 229 964 lem,
251 881 315 946 sive
336 882 368 946 in
390 881 491 963 rebus,
514 902 588 968 quae
610 883 668 947 sibi
690 881 851 946 succedunt
872 881 919 946 vai
941 880 997 945 ioci
1020 882 1214 947 continuitate

142 982 443 1071 comprehenduntur,
469 982 573 1066 sitam,
606 992 637 1049 nt
658 984 687 1048 in
710 983 831 1048 vocibus
853 982 900 1048 vei
921 983 1111 1071 corporibus,
1145 984 1214 1070 qnia

142 1085 172 1148 iu
196 1105 316 1149 numero
346 1085 575 1171 symmetriaque
601 1107 661 1150 non
691 1083 758 1172 quid
782 1085 840 1149 sibi
862 1084 1001 1150 succedat
1022 1091 1212 1171 coagmenta·

65 1227 73 1235 -
142 1195 239 1250 tumve
260 1186 300 1250 sit
306 1185 406 1268 ,sed,
430 1186 570 1273 quidquid
592 1185 622 1250 id
644 1187 701 1268 sit,
723 1209 780 1272 qua
801 1186 870 1272 iege
891 1184 1030 1250 succedat
1052 1206 1212 1295 coagmen·

140 1295 267 1354 totumve
288 1288 338 1368 sit,
359 1296 517 1376 spectatur.

397 1428 453 1501 ι-ῑὲ
535 1395 603 1507 iij-'³³¹'
626 1422 717 1543 δ”-’ἦς’
739 1414 806 1479 ὅθ’
845 1389 881 1496 li
922 1392 973 1494 rii

222 1593 361 1680 Denique
388 1593 556 1659 innatam
585 1593 672 1658 nobis
699 1613 765 1657 eam
791 1589 890 1679 legem
919 1612 987 1656 esse
1007 1613 1131 1659 necesse
1153 1600 1211 1674 est,

137 1694 157 1759 i.
180 1715 206 1757 e.
228 1693 363 1782 apriori
383 1702 511 1776 certam,
532 1703 563 1759 ut
584 1693 754 1781 philosophi
775 1693 956 1808 loquuntur,
984 1691 1133 1779 quianon
1160 1692 1209 1758 di·

137 1793 259 1876 scendo,
281 1795 334 1860 sed
356 1815 410 1883 per
431 1817 464 1860 se
486 1796 704 1900 cognoscitur,
717 1795 842 1899 Nam
816 1816 844 1859 ss
857 1793 1047 1910 empirica
1069 1803 1166 1874 esset,
1187 1792 1208 1857 i.

137 1917 165 1960 e.
186 1895 305 1961 condita
326 1896 363 1961 ab
385 1896 495 1984 aliquo,
518 1918 576 1961 non
600 1903 679 1961 esset
694 1836 782 1978 nota,
806 1895 865 1961 nisi
889 1896 939 1983 qui
961 1916 1025 1961 eam
1038 1894 1208 1975 didicisset3

135 2005 293 2084 possetque
315 2005 345 2062 ot
366 1997 474 2063 mutari
496 2006 527 2061 ot
546 1996 700 2083 abrogari.

142 2332 166 2356 ιιι
187 2322 191 2331 ·
209 2299 530 2369 1Οιιιιιιιιι-··ιΙιίιιιιίιίι·
545 2300 756 2367 moosssionis
773 2299 999 2366 efficientia
1026 2248 1205 2365 sordidam

134 2401 273 2488 quidquid
285 2420 384 2490 perse
404 2397 465 2468 sibi
484 2401 629 2484 mccedit,
650 2403 693 2466 ita
715 2409 756 2484 ut,
777 2402 855 2488 quod
876 2402 968 2490 prins¹
982 2408 1037 2492 out,
1058 2421 1206 2488 nonpos-

54 2524 56 2529 ·
133 2504 174 2570 sit
205 2503 295 2569 etiam
322 2503 472 2591 posterius
500 2526 584 2584 esse3
619 2504 695 2590 quod
717 2513 815 2570 autem
836 2504 1004 2592 posterius,
1030 2525 1090 2568 non
1114 2503 1205 2588 etiam

133 2605 232 2694 prius:
255 2605 285 2671 id
307 2604 471 2670 efficientia
492 2607 670 2688 continetur,
692 2627 766 2692 quae
789 2614 835 2670 est
850 2626 1029 2681 caussarum
1049 2612 1137 2692 atque
1160 2603 1205 2668 ef·

132 2705 262 2787 foetuum
280 2748 283 2755 ,
298 2706 454 2772 connexio.
499 2705 628 2790 -Canssa
661 2707 809 2774 obiectiva
836 2705 1038 2779 continuitatis
1067 2703 1205 2769 cohae-

132 2806 256 2875 rentia
283 2815 352 2874 est.¹
371 2806 538 2894 ,anitquis
565 2808 644 2884 enim
671 2829 726 2896 per
752 2829 786 2873 se
808 2809 979 2875 continuum
1005 2814 1072 2888 est,
1100 2806 1148 2871 ita·
1172 2814 1204 2871 ut

132 2918 233 2999 partes
259 2910 327 2976 sins
350 2927 410 2973 non
437 2909 499 2975 alia
525 2909 609 2975 iusta
635 2908 724 2975 aliem
750 2911 850 2998 posita
870 2911 927 2993 sit,
955 2907 1033 2997 quod
1053 2907 1120 2973 fieri
1141 2928 1203 2973 nun

132 3010 318 3100 potest-nisi
340 3031 434 3077 vacuo
456 3009 556 3096 utiquo
577 3010 674 3098 spatio
697 3010 820 3093 relicto,
833 3010 898 3087 ‚sed
928 3023 961 3074 ut
986 3029 1090 3076 omnes
1113 3030 1202 3074 unum

132 3113 259 3201 spatium
279 3120 373 3191 totum
395 3112 551 3201 impleant:
580 3111 610 3176 id
632 3111 825 3177 cohaerentia
845 3112 1031 3195 continetur,
1059 3130 1142 3197 qnae·
1157 3118 1204 3174 ost

133 3221 305 3302 perpetuata
325 3235 379 3301 per
400 3224 499 3301 partes
522 3235 624 3278 omnes
647 3214 753 3299 unitas.
775 3212 877 3299 ltaque
899 3211 1040 3278 hactenns
1061 3232 1203 3276 numerus

132 3324 178 3380 est
209 3314 336 3380 series
370 3336 586 3380 caussarum
619 3323 728 3401 atque
763 3315 985 3396 eiiectuumy
1017 3312 1202 3400 symmetria,

132 3416 258 3483 sorios
285 3415 454 3503 partium
481 3416 777 3482 cohaerentium.
835 3416 944 3481 Partes
967 3422 1066 3482 antem
1092 3421 1123 3479 et
1152 3435 1201 3478 co-

131 3518 315 3584 haerentiam
335 3537 432 3604 quum
444 3517 579 3602 dicimus,
594 3518 632 3591 ,in
642 3518 700 3583 hee
715 3518 795 3584 omni
810 3517 1011 3606 disputatione
1028 3537 1066 3583 oa
1077 3524 1202 3599 mutum,

129 3640 205 3706 qnae
224 3619 323 3707 spatio
344 3619 542 3703 contuentur,
564 3620 703 3686 uolumus
722 3619 870 3710 intelligi.⁴

614 3788 649 3875 ς.
664 3786 707 3856 7.

210 3919 357 3995 Quoniam
377 3922 410 3989 in
430 3944 554 3992 numero
573 3924 806 4013 symmetriaque
827 3945 886 3989 non
908 3921 1044 4005 matoria,
1066 3922 1086 3987 i.
1099 3942 1125 3986 e.
1148 3941 1200 3986 res

127 4041 204 4110 qnae
231 4023 290 4088 sibi
312 4024 473 4091 suomdunt
504 4034 765 4113 congerendarum
786 4035 883 4109 sunt,-¹
900 4025 954 4090 sed
976 4026 1091 4107 sonna,
1117 4023 1138 4088 i.
1170 4045 1198 4088 o.

125 4123 192 4191 suia
216 4133 350 4214 tempora
378 4137 407 4192 et
427 4127 524 4215 spatia
551 4137 750 4217 spectamur:-
764 4134 905 4216 temporu-
925 4134 1023 4192 summ
1044 4125 1112 4213 ipss
1133 4144 1195 4190 non
