2654 4786
436 373 484 427 DE
501 373 619 429 VERSV
637 375 893 432 GALLIAMBICO.
1132 363 1196 430 lssl

131 545 189 611 que
216 523 349 590 anaclasi
376 547 445 590 usus
473 531 535 609 est,
563 535 592 591 et
619 527 650 590 in
678 507 846 615 posteriore
872 535 957 616 parte
979 550 1042 594 eum
1065 530 1196 597 anaolasi

131 624 287 691 coniunxit
306 625 485 693 solutionem
500 629 653 694 secundae
674 649 793 693 arseos:

214 765 323 830 umor
343 745 418 810 olco
440 749 557 810 neotus
584 744 686 831 'Atys
708 747 819 812 celeri
836 751 919 811 rate
937 749 1068 832 morio,

216 843 418 937 Phrygium
440 853 481 912 u't
500 853 619 912 meaos
640 848 749 912 oitdto
771 849 899 934 cupida?
912 847 1004 935 pede
1023 850 1153 938 tetigit,

216 949 371 1035 adsitque
393 950 503 1035 opdoo
524 950 620 1013 oflois
641 948 807 1013 redimito
828 949 904 1013 loco
926 951 1023 1015 deae.

131 1080 163 1144 in
187 1082 288 1170 priore
309 1084 403 1148 semel
424 1090 537 1149 tautum
559 1105 660 1171 purum
683 1084 816 1148 lonicum
838 1085 938 1172 posuit
958 1107 985 1150 v.
1007 1082 1059 1151 54.

214 1201 389 1266 eteorum
411 1199 527 1266 simmia
549 1205 684 1267 adirem
694 1200 905 1284 floribunda
926 1201 1087 1268 loito'bulci.

132 1333 233 1422 Magis
256 1335 389 1403 Graecos
411 1347 529 1402 secutus
552 1337 666 1402 videtur
687 1337 786 1406 Varro
808 1336 839 1401 iu
862 1338 974 1403 satiris.

507 1619 820 1629 *u*—

531 1841 666 1915 off.
689 1843 787 1915 Xln.

293 1997 360 2069 De
401 1999 668 2071 versibus
712 2000 1027 2095 paeoniois.

595 2197 629 2283 a.
651 2195 725 2263 ma.

208 2328 349 2397 Vltimum
372 2354 467 2419 genus
489 2355 678 2399 numerorum
706 2333 882 2421 simplicium
904 2341 972 2398 sunt
994 2332 1193 2421 paeonici,

132 2451 198 2517 quos
220 2433 337 2496 metrici
358 2442 493 2516 veteres,
521 2435 587 2500 sola
609 2443 742 2522 tempora
763 2442 952 2500 numerantes
975 2457 1041 2498 oum
1063 2432 1192 2500 Creticis

131 2542 155 2596 et
175 2532 353 2600 Bacchiaois
376 2537 630 2601 commiscuerunt.
661 2536 787 2602 Constat
809 2559 947 2602 numerus
970 2535 1131 2625 paeonicus
1154 2558 1193 2600 ex

130 2633 278 2699 ordinibus
301 2636 382 2700 ursin
404 2636 539 2720 duorum,
561 2652 593 2701 ut
615 2637 745 2702 metricis
767 2638 875 2725 placet,
897 2646 1072 2725 temporum,
1095 2637 1193 2701 tbesin

129 2744 221 2801 autem
243 2735 332 2802 trium
353 2738 483 2803 brevium
506 2739 687 2826 syllabarum
710 2739 900 2820 habentibus:
923 2761 962 2802 ex
984 2760 1040 2824 quo
1059 2746 1193 2825 apparet,

129 2843 154 2900 ut
174 2838 254 2902 arsis
276 2838 351 2902 solvi
373 2839 484 2926 possit,
516 2848 546 2904 at
568 2841 599 2904 in
622 2840 699 2903 thesi
721 2840 951 2904 contractionem
974 2837 1099 2919 nuliam,
1132 2837 1193 2901 nisi

127 2938 238 3023 perdito
261 2961 383 3004 numero
406 2941 568 3027 paeonico,
589 2962 678 3029 posse
700 2941 824 3006 admitti.
873 2939 942 3027 Ego
964 2937 1081 3025 quidem
1102 2936 1191 3002 credo

127 3038 203 3104 arsin
233 3039 372 3127 paeonici
401 3045 514 3105 numeri
543 3042 602 3106 tria
628 3051 761 3130 tempora
782 3041 909 3106 babere:
938 3040 974 3104 de
996 3060 1061 3126 ¹qua
1082 3059 1117 3102 re
1138 3057 1191 3101 ex·

126 3142 208 3226 posui
220 3139 256 3227 ᾖ
269 3140 340 3206 198.
364 3140 584 3207 Continuantun
598 3150 694 3207 autem
716 3142 815 3231 plures
838 3163 968 3230 paeones
991 3161 1049 3205 uuo
1073 3139 1190 3221 ordine,
1263 3222 1265 3230 X

126 3241 235 3328 parite?
266 3250 299 3307 nt
331 3242 463 3308 trochaei
490 3251 519 3307 et
547 3243 667 3331 dactyli.
717 3244 763 3307 Ac
794 3264 907 3328 genera
935 3263 1049 3329 quoque
1075 3240 1191 3306 numeri

126 3342 261 3429 paeonici
282 3343 385 3409 eadem
408 3345 629 3434 comparatione
651 3354 719 3411 sunt
740 3345 883 3430 quinque:

314 3545 333 3586 Δ
339 3564 527 3593 ooooooo
585 3530 701 3618 primi
721 3551 897 3619 paeones.

587 3664 713 3752 quarti
735 3685 911 3752 paeones.

586 3798 749 3886 stropbi.

587 3931 697 3998 dasii.
777 4018 780 4027 ι

586 4066 808 4156 sympieoti.
