2654 4786
525 389 594 442 mn.
613 388 634 439 r.
668 387 746 470 oar,
765 389 810 442 ru.

606 541 641 626 a.
668 540 722 609 sa

214 673 368 764 Tempora
385 676 531 758 ordinum,
553 696 628 762 quae
650 676 680 742 in
702 675 779 740 atesi
799 684 878 757 sont,
899 676 998 740 omniu
1019 683 1199 740 necesseest

129 776 265 863 aequalia
286 799 371 860 esso,
393 778 462 864 quia
483 778 591 843 seriem
613 785 838 868 repraesentant
857 798 1026 843 caussarum
1048 787 1135 863 atque
1156 775 1198 841 ef·

129 878 257 944 soctunm
279 879 358 944 nulla
379 878 478 944 aliena
499 881 672 946 accessione
691 881 896 969 interruptam.

604 1067 718 1152 aas
772 1108 778 1119 ι

212 1200 327 1267 Eadem
348 1200 394 1267 est
416 1225 595 1268 anaoroseos
617 1210 780 1291 temporum
803 1201 898 1283 ratio,
928 1198 1004 1287 qood
1026 1200 1101 1265 haee
1123 1199 1196 1265 nihii

128 1303 244 1369 athesi
267 1303 378 1388 differt,
400 1305 460 1370 nisi
482 1305 559 1393 quod
582 1305 664 1371 arsin
687 1313 755 1369 ante
776 1326 811 1369 se
833 1303 941 1367 nnllam
962 1302 1060 1367 habet.

603 1490 637 1577 s.
664 1488 716 1556 aa.

103 1669 104 1673 =
212 1625 299 1702 Quod
326 1627 359 1691 in
385 1625 448 1691 arsi
469 1633 516 1691 est
536 1634 667 1715 tempus,
695 1647 756 1692 nnn
777 1632 876 1714 potest
897 1623 1015 1690 brevius
1036 1644 1106 1689 esse
1126 1631 1197 1689 tom·

126 1728 249 1816 poribus
275 1748 471 1811 anaeruseos,
509 1727 577 1813 quia
607 1729 685 1793 arsis
707 1726 867 1792 anaorusin
895 1747 1021 1811 sequens
1047 1746 1121 1814 pars
1153 1732 1197 1790 est

7 1895 10 1899 .
126 1829 218 1894 seriei
240 1828 322 1912 eius,
348 1829 431 1894 cuins
460 1830 549 1895 etiam
578 1830 731 1895 anaorusis
758 1850 828 1918 pars
857 1835 911 1893 est.
958 1827 1062 1914 ltaque
1089 1848 1196 1916 pravus

126 1929 206 1996 foret
227 1930 275 1995 hie
297 1952 448 2014 numerus,

126 2150 199 2218 iusti
219 2159 317 2217 autem
338 2159 407 2217 sunt
428 2150 472 2233 hi,

563 2386 720 2474 42⁶·
791 2310 830 2435 x.

127 2525 153 2541 ’·
210 2516 280 2588 Non
303 2521 540 2609 magis'theticis
561 2523 742 2612 temporibus
763 2523 886 2588 brevior
903 2530 973 2587 es'se
994 2521 1072 2586 arsis
1089 2526 1195 2610 potest.

126 2624 273 2700 Quoniam
295 2624 372 2689 enim
395 2645 502 2689 caussa
523 2633 569 2690 est
589 2625 694 2690 horum
715 2631 889 2713 temporum,
911 2645 970 2689 nnn
991 2627 1089 2711 potest
1100 2621 1197 2687 minor

126 2747 194 2791 esse
215 2724 341 2791 effectis.
384 2725 484 2801 Quare
505 2748 613 2815 pravus
636 2735 683 2793 est
703 2725 753 2824 hio
774 2748 924 2809 numerus,

125 2910 262 3015 recisse
283 2945 393 3012 habent
411 2945 457 3027 hi,

600 3163 634 3248 §-
662 3157 740 3229 27.'

209 3299 360 3366 Maiorem
382 3320 453 3364 vero
474 3298 556 3364 arsin
579 3299 716 3365 anaorusi
739 3319 886 3364 essenon
908 3308 1064 3386 repugnat.
1118 3298 1195 3361 Nam

30 3427 32 3430 ·
126 3412 267 3490 quatenus
290 3401 367 3465 arsis
390 3401 427 3464 ab
449 3400 584 3465 absoluta
605 3420 711 3465 caussa
731 3399 878 3482 nascitur,
900 3408 1037 3487 exempta
1058 3407 1104 3463 est
1124 3398 1196 3485 lege

124 3504 178 3568 itta
199 3501 397 3590 aequalitatis,
420 3502 487 3566 ulum
510 3524 559 3583 ne,
581 3512 724 3588 qnatenus
745 3500 882 3566 effectum
896 3513 942 3565 est
955 3498 1194 3588 praecedentium

125 3615 299 3694 temporum,
321 3603 369 3668 his
391 3602 489 3669 minor
510 3603 558 3667 sit
601 3602 691 3667 Reoti
712 3624 786 3688 ergo
809 3610 878 3667 sunt
900 3603 930 3666 hi
952 3601 1078 3684 numeri,

600 3870 635 3958 s.
661 3870 712 3938 aa.

208 4008 274 4072 Neo
294 4013 458 4095 repugnat,
484 4003 602 4069 theticis
630 4006 811 4093 temporibus
839 4006 979 4071 maiorem
1007 4026 1074 4070 esso
1100 4004 1195 4070 ursin.

127 4107 232 4174 Potest
253 4108 332 4174 enim
354 4107 396 4173 ita
418 4113 586 4193 comparata
607 4128 686 4188 esse,
708 4113 818 4172 utnon
842 4115 914 4189 tota,
936 4105 988 4172 sed
1009 4107 1108 4193 aliqua
1130 4115 1195 4170 tan-
