2654 4786
127 380 191 451 w
504 397 804 457 mmwn

128 550 234 640 Enrip.
255 549 331 616 Hoc.
352 546 428 616 loo.
449 546 522 616 460.

211 699 346 784 κτηθεΐιί
370 700 533 788 ἀφίξομαι.

212 798 370 889 πτόρθους
389 804 502 869 Λατοῖ
517 802 603 894 pop.

594 1055 630 1143 §-
651 1052 725 1124 ooo.

212 1240 360 1318 Quoniam
387 1242 418 1307 in
451 1239 581 1330 strophis
612 1247 707 1309 metra
736 1239 892 1330 Glyconea
925 1239 1102 1308 habentibus
1136 1264 1194 1308 non

102 1342 245 1433 'semper
272 1364 375 1410 omnes
401 1364 505 1408 versus
531 1342 658 1430 legitimi
681 1341 829 1430 Glyconei
855 1350 938 1425 sunt,
966 1342 1021 1409 sed
1050 1343 1105 1409 alii
1132 1343 1193 1410 lon·

127 1447 243 1534 giores,
264 1445 318 1510 alii
340 1443 503 1526 breviores,
523 1465 615 1532 saepe
637 1442 846 1511 difficillimum
863 1453 910 1509 est
924 1465 1029 1510 versus
1045 1453 1128 1511 reete
1146 1444 1194 1510 de

127 1548 271 1629 seribere,
292 1545 437 1632 siqnidem
457 1552 542 1634 parte
563 1566 668 1610 versus
690 1544 808 1633 dempta
828 1552 859 1611 et
876 1544 966 1611 alteri
980 1546 1084 1611 versui
1096 1545 1194 1613 addila

127 1669 188 1714 non
211 1649 306 1713 minns
328 1648 406 1712 bona
427 1659 496 1710 sunt
516 1652 546 1711 et
567 1645 675 1712 usitata
697 1654 800 1714 metra.
849 1646 891 1717 vt
917 1646 950 1712 in
972 1645 1067 1736 Sopb.
1089 1646 1193 1734 Antig.

36 1741 43 1751 ⁶
129 1748 201 1815 100.
223 1747 287 1812 sive
307 1746 351 1811 ila
372 1746 551 1833 distinguas,

212 1895 298 1974 ἀκτὶς
318 1893 430 1975 ἀελίου,
452 1896 487 1962 τὸ
509 1893 579 1962 κᾶλ-

210 2003 315 2064 bessos
335 1993 500 2088 ἑπταπύλῳ
521 1998 617 2085 φανὲν

215 2097 309 2192 Θήβᾳ
330 2105 391 2166 τῶν
411 2097 569 2186 προτέρων
590 2096 681 2187 φάος,

128 2287 192 2353 sive
213 2286 270 2370 sie,

211 2434 297 2512 ἀκτὶς
318 2433 429 2514 ἀελίου,

210 2536 247 2602 τὸ
269 2532 431 2602 κάλλιπον
452 2532 617 2626 ἑπταπύλῳ

212 2637 308 2724 φανὲν
331 2637 425 2730 Θήβᾳ
444 2643 507 2704 τῶν
527 2638 692 2728 προτέρων,

126 2812 182 2881 per
208 2810 242 2856 so
270 2795 376 2856 neutra
401 2789 479 2856 ratio
501 2791 678 2880 reprehendi
699 2796 806 2882 potest.
854 2790 891 2857 ln
912 2789 1082 2857 huiusmodi
1102 2791 1195 2882 igitur

126 2892 203 2959 locis
224 2891 387 2979 diligenter
406 2891 563 2958 videndum
580 2901 636 2977 est,
658 2893 727 2982 qnid
739 2880 1196 2984 antisbopbarnmcomparatio,

127 2995 156 3060 si
176 3015 294 3059 carmen
316 2993 560 3082 antistrophicnrn
582 3003 638 3078 est,
657 2995 705 3061 vel
725 2995 871 3076 hiatibus,
897 2993 945 3060 vel
965 2994 1092 3083 syllabis
1115 2996 1194 3062 anei·

126 3095 249 3184 pitibns,
270 3095 317 3160 vel
337 3095 444 3184 pedum
466 3096 681 3185 responsione,
701 3104 852 3186 postremo
873 3095 943 3185 quid
964 3097 1061 3163 omnis
1084 3097 1193 3163 oratio·

127 3195 176 3261 nis
198 3195 394 3262 conformatio
418 3197 547 3265 maxime
567 3198 722 3289 probabile
743 3220 811 3266 esse
831 3197 964 3267 suadeat.
995 3198 1077 3269 Vide
1098 3197 1192 3266 Elem.

128 3295 157 3364 n.
179 3318 217 3365 nr.
238 3319 267 3388 p.
289 3297 362 3367 569.
383 3321 465 3388 seqq.
