2654 4786
364 415 413 468 nu
431 413 710 469 coueosrurouc
726 413 970 471 svunuouvu.
1129 393 1196 465 we

126 565 171 631 Et
192 564 268 655 apud
290 565 445 655 Aristoph.
467 566 545 632 Nulo.
566 564 640 633 288.

215 699 280 764 ἀλλ’
304 698 539 783 ἀποσεισάμεναι
560 700 653 787 νίφος
673 696 802 787 ὄμβριον

214 798 375 879 ἀθανάτας
396 804 488 879 ἰδέας,
510 794 689 883 ἔντιάιάμιθά
741 816 757 823 ’“

280 895 456 990 τηλεσκόπῳ
478 901 595 986 ὄμματι
615 911 714 988 γαῖαν.

124 1038 167 1107 V.
189 1037 293 1128 Eurip.
316 1040 414 1105 Orest.
437 1036 530 1104 1004.

597 1224 633 1311 ᾇ
651 1222 728 1290 560.

214 1359 403 1450 'l'ertiepurs
418 1359 604 1425 tractationis
626 1360 656 1424 in
678 1360 929 1447 proportione
948 1366 1099 1426 versatur:
1122 1384 1195 1449 quae

126 1469 181 1529 aut
207 1460 468 1550 longitudinis
495 1470 558 1542 est,
590 1470 640 1526 aut
660 1460 861 1549 ponderis,
882 1462 1060 1549 omninoque
1081 1465 1197 1530 melo·
1310 1496 1318 1510 ·

125 1562 275 1650 poeiaer

594 1711 629 1798 s.
651 1711 724 1780 sol.

211 1850 339 1917 Multum
362 1857 458 1917 autem
480 1848 589 1930 refert,
621 1871 696 1936 quae
723 1849 764 1913 sit
784 1852 981 1916 membrorum
1003 1872 1198 1937 versuumque

126 1951 298 2041 longitudo,
316 1974 355 2017 ne
377 1950 521 2016 eiusmodi
543 1952 673 2016 membra
694 1973 855 2037 versusque
877 1953 1106 2040 coniungantur,
1128 1973 1198 2038 quo·

128 2076 194 2119 rum
216 2074 276 2121 uon
299 2063 368 2141 apte
389 2052 430 2118 sit
450 2052 529 2116 inter
550 2050 847 2140 ipsos'compuretio.
870 2052 953 2126 Quod
977 2074 1062 2139 quum
1085 2053 1115 2118 in
1137 2055 1198 2117 sin·

129 2155 210 2243 gulis
238 2176 373 2221 versuum
401 2153 563 2240 generibus
592 2153 746 2219 observari
771 2163 886 2240 potest,
920 2165 979 2219 tum
1011 2154 1040 2218 in
1068 2154 1198 2242 plurium

127 2278 266 2321 versuum
288 2254 507 2335 coniunctione,
530 2255 658 2317 maxime
679 2253 710 2317 in
732 2254 879 2341 strophis,
907 2277 982 2341 quae
1010 2276 1049 2320 ex
1070 2254 1198 2342 epitritis

129 2364 160 2422 et
179 2356 336 2444 dactylicis
363 2355 504 2419 membris
533 2363 677 2418 coustant.
721 2354 862 2421 Eiusdem
885 2357 1009 2420 rationis
1032 2364 1092 2438 est,
1121 2356 1197 2443 quod

130 2456 280 2522 clausulae
307 2458 337 2521 in
361 2457 537 2520 comicorum
560 2455 667 2520 iambis
695 2456 901 2542 trochaeisque
929 2480 985 2521 nec
1008 2456 1199 2545 brachycata-

129 2557 225 2625 lectce
244 2565 325 2639 sunt,
346 2578 441 2643 neque
462 2556 728 2644 hypercatalectae.
753 2556 862 2624 Verum
885 2560 935 2622 ubi
956 2557 1124 2645 argumenti
1146 2581 1199 2622 na-

131 2667 197 2725 ture
224 2658 340 2744 exigit,
367 2669 449 2723 recte
476 2658 565 2721 etiam
594 2656 816 2722 diversissimae
843 2658 1040 2745 longitudinis
1068 2659 1200 2727 menbra

132 2758 320 2850 copulantur:
342 2767 376 2824 nt
394 2760 428 2824 in
451 2758 597 2846 Aeschyli
617 2759 720 2827 Prom.
743 2758 815 2824 183.

213 2894 259 2985 τ’τᾷ
280 2893 354 2958 ποτὲ
373 2894 467 2957 τῶνδε
488 2888 588 2956 πόνων

212 2992 275 3082 ipsi
296 3018 329 3091 qe
351 2994 448 3079 rippa
470 2994 546 3071 τάλ-ι

215 3095 299 3163 σαντ’
322 3096 439 3174 irruitis·
466 3094 596 3179 ἀκίχητα
625 3094 683 3180 γὰρ
713 3093 793 3179 ἤθεα
822 3099 872 3160 καὶ
894 3096 967 3181 κέαρ
989 3090 1199 3180 ἀπαράμυθον

690 3195 748 3280 ἔχει
772 3192 894 3284 Κρόνον
917 3206 997 3273 παῖς.
1051 3222 1054 3227 ·

573 3384 632 3470 a.
660 3380 735 3450 aaa

216 3502 454 3609 De'pondere
475 3541 539 3609 cap.
561 3541 623 3607 seq.
645 3518 770 3584 seorsim
794 3516 917 3585 dicetur.
940 3518 1001 3585 Sed
1024 3519 1060 3584 ad
1085 3518 1199 3584 melo·

135 3618 277 3709 peciam
299 3620 428 3710 pertinet
449 3628 478 3685 et
499 3620 782 3711 paracateloge
805 3619 842 3685 de
864 3643 922 3709 qua
943 3619 1061 3687 dictum.
1077 3617 1199 3707 §We

137 3718 206 3790 268.
228 3730 259 3789 et
278 3744 410 3813 pausa,
432 3721 469 3788 de
491 3745 547 3809 qna
568 3722 628 3808 ξς.
650 3720 701 3788 52.
723 3728 752 3786 et
772 3718 844 3788 599.

512 3987 554 3997 ιυ-
561 3984 820 3996 ·--.—--—-—-·-—·--
