2654 4786
144 444 151 455 ,
228 393 283 460 Ιαα
302 394 553 449 srnonnsnvu
570 396 609 450 nu
628 395 783 451 nauum
801 399 868 456 suu
886 399 1092 455 nrsrnravn.
1149 383 1213 451 269

227 544 357 624 μιαίνων
378 543 713 632 παρ-θενοσφόμοισιν.

125 671 133 679 -
228 647 318 710 πνοαὶ
341 644 368 709 d'
392 643 453 710 σἰνιό
475 647 681 734 Στρο-μόνος
700 654 864 730 μολοῦσαι,

227 743 409 829 κακόσχολοι
431 744 596 836 νή-στιόες
618 747 773 834 δόςορμοι.

613 933 648 1020 o.
670 935 742 1001 sno.

225 1082 364 1170 Denique
386 1085 416 1149 in
439 1086 578 1151 membris
601 1109 738 1153 versuum
760 1086 979 1174 distinguendis
1001 1088 1089 1153 etiam
1104 1111 1210 1157 sensus

140 1183 231 1249 multo
266 1207 320 1249 usu
349 1188 486 1251 subactus
514 1189 633 1274 acrique
661 1188 772 1253 iudicio
795 1189 982 1252 confirmatus
1011 1190 1133 1255 accedat
1158 1215 1209 1257 ne·

140 1306 226 1351 cesse
247 1295 303 1368 est,
326 1287 375 1371 qui
398 1287 467 1373 quid
489 1290 642 1366 usitatum,
666 1289 734 1375 quid
757 1302 871 1378 aptum,
895 1290 964 1375 quid
986 1299 1138 1356 venustum
1160 1293 1211 1377 sit,

139 1386 229 1452 facile
257 1388 488 1471 animadvertat,
516 1390 733 1477 diligenterque
762 1391 917 1478 expendat.
971 1390 1118 1480 Exemplo
1145 1415 1209 1459 rem

139 1486 304 1553 illustrabo.
354 1488 388 1552 lu
416 1488 513 1577 Soph.·
537 1489 611 1572 (led.
640 1491 680 1555 R.
716 1489 788 1556 660.
823 1490 996 1559 Erfurdtius
1026 1493 1069 1556 ita
1103 1515 1208 1558 versus

139 1589 293 1654 distinxitr
698 1623 701 1630 ¹

224 1706 261 1770 od
283 1706 336 1772 τὸν
357 1703 478 1771 πόντων
499 1706 681 1772 θεῶν-θεόν
702 1706 832 1791 πρόμονΥ

215 1805 335 1872 Ἅλιον·
357 1810 419 1873 ἐπεὶ
440 1807 545 1891 ἄθεος,
566 1807 709 1895 -όφιλος,
733 1807 749 1873 ό
770 1834 799 1873 τι
821 1806 962 1892 πύματον

223 1908 360 1991 ὀλοίμαν,
383 1909 560 1996 φρόνιν-σιν
582 1914 608 1974 εἰ
628 1906 712 1974 τόνδ’
736 1909 804 1992 ἕχον.

136 2044 177 2109 Et
199 2045 230 2109 in
253 2045 439 2133 antistropha
460 2068 487 2110 v.
511 2045 585 2110 696.

222 2153 342 2239 ὦ”ναξ,
365 2159 449 2227 εἷσον
469 2162 526 2243 μὲν
548 2161 716 2244 οὐχ-ἅπαξ
735 2159 840 2245 μόνον,

220 2262 289 2328 όσθι
311 2263 345 2327 δὲ
366 2260 758 2349 παραφρόνιμον,-ἄνιορον
779 2268 828 2330 ἐπὶ
850 2260 986 2350 φρόνιμα

220 2361 379 2450 πεφάνθαι
398 2365 431 2447 μ’
455 2362 503 2440 όν,
524 2364 608 2430 εἶ’-σε
632 2368 822 2452 νοσφίζομαι.

135 2501 251 2566 Horum
273 2501 400 2589 primum
423 2503 584 2566 membrum
605 2501 762 2566 iambicum
783 2501 1070 2588 ischiorrlrogicnm‚
1102 2525 1206 2569 secun·

135 2602 201 2667 dcun
223 2610 436 2667 monometrnm
458 2602 625 2683 iambicum,
647 2602 1031 2688 reliquadoclrmiacasunt
1053 2603 1097 2669 At
1118 2624 1206 2692 quum

134 2702 371 2791 primnsvorsus
394 2703 476 2767 etin
499 2705 619 2790 stropha
646 2715 677 2767 et
703 2705 734 2766 in
759 2702 948 2792 antistropha
979 2705 1062 2769 brevi
1089 2705 1206 2792 syllaba

136 2805 321 2886 terminetur,
343 2805 402 2869 ianr
425 2804 480 2868 hoc
502 2805 613 2869 indicio
638 2804 743 2890 colligi
765 2812 874 2892 potest,
895 2825 955 2869 non
977 2825 1013 2870 es
1034 2806 1065 2869 in
1087 2807 1206 2892 syllaba

134 2905 294 2971 finiendum
316 2926 383 2969 esse
404 2927 568 2987 numerum,
590 2907 642 2970 sed
660 2905 784 2969 ulterius
800 2905 924 2993 produci
943 2906 1061 2971 debere.
1085 2907 1204 2972 Deinde
1323 2956 1326 2960 »

134 3014 165 3071 ut
186 3006 429 3094 antistrophicum
451 3027 567 3071 versum
579 3007 777 3094 interpunctio
792 3006 870 3071 eoin
885 3006 951 3070 loco
967 3007 1049 3070 finiri
1064 3007 1203 3093 patiatur,

134 3116 164 3173 at
184 3109 216 3172 in
238 3106 398 3195 strophicis
419 3109 509 3172 verba
522 3130 609 3172 unam
631 3109 782 3173 notionem
805 3107 978 3190 efficientia,
998 3107 1072 3172 θεὸν
1084 3104 1205 3191 πρόμον

127 3205 237 3284 Ἅλιον,
259 3209 335 3274 nalo
357 3208 575 3274 divellerentur.
597 3208 648 3274 Ex
669 3230 727 3295 quo
749 3216 882 3297 apparet,
904 3229 1007 3274 versus
1030 3230 1131 3274 omncs
1144 3233 1202 3275 uno

133 3309 498 3396 systematescohaerere,
526 3317 556 3374 et
581 3309 738 3375 iambicum
764 3310 1033 3394 ischiorrhogicum
1062 3312 1203 3399 excipere

133 3411 321 3477 dochmiacos
344 3433 403 3475 nno
425 3412 556 3476 admixto
568 3410 699 3478 Cretico.
721 3411 784 3477 Iam
807 3411 969 3498 quaeritur,
992 3411 1042 3475 nbi
1063 3409 1202 3478 Creticus

131 3511 184 3577 illo
204 3511 427 3578 constituendus
449 3513 503 3578 sita
525 3521 621 3578 utrum
643 3514 675 3577 in
696 3512 784 3578 initio
806 3513 930 3578 secundi
949 3534 1064 3587 versus,

216 3628 253 3694 οὗ
276 3629 331 3694 τὸν
350 3626 472 3717 πάντων
493 3631 676 3696 θεῶν-θεὸν
698 3627 818 3716 πρόμον
831 3627 949 3696 Ἄλιον·
1122 3624 1125 3628 ’

215 3731 278 3796 ἐπεὶ
300 3729 403 3811 ἄθεος,
426 3730 571 3820 -όίφιλος,
593 3730 609 3797 ὅ
631 3756 660 3795 τι
683 3730 843 3814 πύματον·

130 3873 160 3932 et
181 3868 212 3932 in
235 3867 431 3956 antistropha,

214 3976 336 4062 ὦ”ναξ,
358 3982 440 4050 εἶπον
461 3987 516 4067 μὲν
539 3982 709 4068 οὐχ-ἅπαξ
729 3981 833 4066 μόνον,
855 3983 922 4051 ἴσθι
946 3985 978 4048 δὲ

215 4085 608 4173 παραφρόνιμον,-όσορον
628 4088 676 4152 ἐπὶ
698 4082 844 4171 φρόνιμα·
985 4084 987 4088 ’
