2654 4786
548 392 780 449 nnmvmuno.
1180 380 1202 446 3

131 544 211 610 alind
234 566 274 611 ex
295 543 355 610 aiio
378 556 555 627 nascantur,
582 566 639 610 nec
658 546 757 635 spatia
778 546 845 634 ipra
871 545 931 612 aba
952 546 1079 617 aliorum
1100 558 1202 638 parter

130 655 213 713 aunt:
236 646 452 735 descriptiones
474 667 577 712 corum
598 648 640 713 ita
661 660 848 737 comparatae
869 670 937 715 eoae
958 659 1149 733 aamercort,
1169 662 1202 718 nt

131 750 214 836 ipone
236 771 291 836 per
311 771 345 814 aa
366 748 525 834 imaginem
547 748 709 815 exhibeant
729 770 826 817 rerum
849 749 1014 819 efficientia
1036 752 1201 820 velcobae-

130 850 227 915 rentia
249 850 460 939 copulatarum.
509 849 611 937 itaque
639 851 698 916 iam
720 872 859 916 numerus
887 862 933 917 est
960 852 1084 942 imago
1107 855 1201 921 otti-

132 950 301 1016 cientiae
318 973 383 1039 per
400 961 566 1040 tempora
580 963 890 1040 repraesentatam
905 956 1079 1041 symmetria
1092 965 1199 1038 auteur,

132 1051 256 1139 imago
280 1052 554 1118 cohaerentiae
576 1063 868 1142 repraesentata
889 1077 957 1144 per
978 1057 1114 1144 spatia.

143 1278 150 1290 .
551 1230 581 1247 .-
607 1187 733 1273 -§..·8.='

213 1303 282 1371 Non
312 1315 410 1395 potest
430 1320 526 1376 autem
556 1307 643 1375 aiiter
670 1308 700 1375 in
723 1307 797 1396 ipsis
827 1309 1009 1398 temporibus
1036 1311 1200 1398 spatiisque

130 1429 272 1496 expressa
293 1429 437 1496 apparere
458 1409 559 1497 imago
582 1409 681 1497 aliqua
708 1408 890 1475 efficientiae
911 1409 958 1474 vel
980 1410 1199 1496 cohaerentiae,

131 1508 186 1575 uici
208 1509 389 1598 temporibus
411 1510 573 1598 spatiisque
595 1533 631 1577 ea
651 1510 845 1600 proportione
867 1510 1034 1600 descriptis,
1057 1534 1131 1600 qaae
1152 1513 1200 1579 vel

129 1610 206 1678 iuter
227 1632 351 1678 caussas
371 1619 459 1698 atque
471 1611 621 1695 ‘effectum
650 1611 695 1678 vei
717 1612 795 1679 inter
815 1620 916 1702 partes
937 1613 1130 1681 cohaerentia
1150 1637 1200 1681 co-

131 1713 245 1801 pulatas
267 1722 324 1780 ort.
355 1712 402 1781 Ea
421 1713 576 1803 proportio
598 1723 694 1782 autem
716 1712 747 1778 in
770 1714 1003 1801 aequalitate
1023 1715 1125 1805 posita
1144 1725 1200 1785 eat.

129 1813 202 1882 Nam
226 1836 322 1903 neque
335 1836 441 1883 caroea
453 1814 679 1902 effectumque
698 1814 822 1884 effectur
842 1839 950 1885 caussa
969 1827 1021 1887 aut
1033 1816 1130 1898 maior
1149 1829 1201 1887 aut

129 1916 225 1982 minor
245 1938 314 1984 aoso
334 1926 441 2007 potest.
484 1916 580 1991 Quom
602 1916 680 1982 enim
703 1917 800 1983 omnis
821 1918 962 2002 mutatio,
990 1939 1055 2005 qna
1068 1921 1201 1989 cernitur

129 2017 268 2101 effectus,
302 2041 341 2085 ex
367 2018 507 2087 conflictu
534 2017 639 2085 virium
666 2009 871 2107 oppositarum
898 2019 1028 2101 oriatur3
1061 2019 1201 2109 aequales

129 2128 223 2187 antem
247 2120 326 2186 vires
348 2121 405 2185 ribi
429 2120 584 2210 oppositae
606 2119 744 2209 seipsae
765 2121 939 2203 cohibeant,
967 2143 1023 2188 neo
1049 2123 1116 2189 fieri
1138 2145 1200 2190 mu·

128 2222 267 2290 tutionem
285 2221 450 2311 patiantur:
472 2242 596 2288 necesse
617 2230 673 2304 cst,
695 2223 840 2311 oppositio
860 2223 1066 2311 inaequalibus
1075 2223 1200 2307 viauae,

130 2329 238 2392 tanturn
249 2323 386 2413 superari
398 2324 532 2407 alteram,
546 2323 928 2414 quantomalterasuperat:
952 2347 1008 2412 qna
1020 2324 1200 2414 lagenititur

130 2425 225 2492 omnio
247 2424 429 2508 mechanica,
450 2446 526 2514 quaa
547 2435 678 2493 uocatur.
701 2424 787 2504 ouon
809 2427 835 2491 ai
858 2422 949 2515 caepe
960 2425 1070 2493 effecta
1081 2427 1197 2496 canonia

128 2526 171 2605 uel
193 2527 310 2595 maiora
331 2527 379 2593 vel
399 2527 516 2596 minora
538 2528 683 2610 uidentur,
704 2527 735 2592 iu
758 2549 794 2596 eo
816 2528 860 2611 fit,
881 2528 959 2616 quud
976 2528 1023 2594 voi
1040 2549 1140 2596 rerum
1154 2528 1200 2597 ui-

127 2628 252 2702 vareias
273 2632 521 2719 comparationem
554 2650 613 2697 nou
642 2628 789 2712 admittit,
822 2629 870 2697 uel
890 2629 997 2698 virium
1017 2630 1202 2698 incrementa

127 2737 213 2818 atque
236 2729 446 2821 impedimenta
466 2732 568 2796 latent.
597 2730 684 2799 Vnde
706 2752 782 2818 qaae
803 2731 937 2800 nascitur
957 2731 1088 2816 miratio,
1109 2730 1202 2800 simul

127 2842 155 2897 et
175 2832 376 2921 ignorantiam
399 2842 547 2917 nostram,
569 2839 599 2897 et
619 2832 845 2915 necescitatem,
867 2854 924 2919 qua
946 2832 1053 2896 effoeta
1074 2834 1201 2920 requiri·

127 2954 188 2999 mus
211 2934 327 3000 caussis
349 2934 494 3023 aequalia,
516 2936 696 3023 comprobat.
745 2933 848 3020 itaque
876 2954 1014 2997 numerus
1036 2941 1083 2996 eat
1103 2933 1200 2997 etti-

105 3023 275 3101 'cientia
294 3036 650 3126 perpaeqoaiitatem
668 3042 876 3124 temporum
893 3040 1198 3120 repraesentata·

127 3135 239 3203 Eodem
262 3136 349 3204 modo
372 3157 527 3229 corporum
550 3137 740 3202 cohaerentia
761 3133 938 3222 aequabitate
959 3132 1072 3199 nititur.
1121 3135 1199 3201 Narn

127 3260 210 3326 qaum
236 3240 427 3306 cohaerentia
448 3240 488 3305 ait
502 3234 673 3305 'cubrmnnio
695 3237 840 3326 partium,
862 3246 1015 3301 commune
1042 3246 1140 3302 antem
1160 3237 1200 3303 ait

127 3337 209 3422 ituro,
226 3341 303 3429 qood
321 3341 351 3406 in
368 3342 503 3408 omnibus
524 3340 657 3431 partibus
675 3339 753 3405 idem
775 3338 891 3425 cibique
912 3345 1039 3426 pareat:
1063 3358 1198 3403 necessa·

129 3441 200 3508 rium
219 3453 276 3526 est,
294 3451 325 3508 nt
336 3444 537 3527 cohaerentia,
556 3448 630 3531 qaae
644 3442 708 3508 sola
722 3438 1037 3529 corporum'figura,i.
1049 3462 1075 3504 e.
1088 3440 1200 3532 spatio·

129 3544 191 3609 rom
215 3544 416 3635 descriptione
437 3546 631 3635 exprimatur,
652 3558 814 3611 commune·
829 3540 901 3606 runu
919 3541 954 3604 in
977 3539 1199 3630 comparatione

131 3645 245 3734 aequali
268 3648 430 3740 spatiorum
454 3647 581 3713 babeat·
618 3647 722 3735 ltaque
751 3643 924 3734 symmetria
946 3643 1198 3708 cohaerentia

130 3765 174 3812 est
194 3771 263 3839 per
284 3749 562 3836 aequalitatem
585 3749 790 3838 spatiorum
813 3752 1119 3835 repraesentata.

612 3952 616 3961 ,
642 3948 654 3967 ,
678 3900 711 3975 9,

213 4021 259 4085 ita
280 4020 423 4086 adverae
443 3901 820 4109 numericpahnaetriaeque
829 4024 938 4082 natura
954 4012 1089 4095 definita,
1110 4034 1198 4098 quum

132 4115 166 4182 bo
178 4121 471 4210 augurio-mnata
491 4117 868 4209 figurisqaeaynnaricb
880 4116 1039 4270 luquinlrpr,
1056 4135 1199 4185 numam
