2654 4786
418 378 911 436 onvnnsrnvsooonmoms.
1152 364 1196 432 97

598 528 729 616 csso.

126 764 153 829 A
212 661 322 830 Serppi3
338 661 502 729 dochmium
535 662 724 730 ditrochaeus
757 662 875 730 videtur
906 664 982 754 apud
1009 658 1193 753 Aeschylum

156 786 238 853 gam.
324 767 352 830 2.

213 876 367 957 ξυνανύτει
387 881 459 955 βίου
480 874 589 958 dieto}
609 879 727 979 αὐγαῖς.

594 1065 629 1152 ς.
651 1065 723 1132 esa

212 1199 328 1266 Multae
346 1208 502 1289 praeterea
518 1200 595 1266 aliae
614 1199 805 1266 inveniuntur
822 1176 1023 1268 dochmioruni
1036 1200 1099 1267 cum
1119 1201 1195 1267 auti·

126 1302 237 1389 spastis
265 1302 392 1389 aliisque
419 1302 550 1367 inumeris
578 1302 836 1385 consociationes,
869 1310 901 1368 ut
930 1300 1065 1369 dochmio
1096 1304 1193 1369 modio

126 1403 207 1469 inter
227 1403 420 1492 antispastum
443 1412 473 1468 et
494 1403 670 1484 diiambum,
691 1402 767 1491 apud
791 1403 902 1470 Aesch.
923 1403 1057 1493 Choeph.
1079 1402 1131 1468 24.

213 1517 256 1583 δι’
281 1521 391 1595 αἰῶνος
411 1519 445 1583 δ’
470 1523 604 1604 ἰυγμοῖσι
624 1516 769 1599 βόσκεται
790 1519 875 1605 κέαρ.

539 1732 564 1747 --
596 1704 632 1791 §-
653 1704 726 1771 aar.

212 1836 374 1906 Bacchiaci
394 1840 525 1922 numeri,
552 1838 602 1927 qui
629 1839 775 1906 interdum
797 1841 960 1906 consociati
980 1841 1126 1907 dochmiis
1148 1863 1196 1906 re-

126 1941 299 2030 potiuntur,
331 1962 416 2027 quum
444 1940 573 2006 indolem
601 1941 689 2030 plane
720 1943 809 2007 aliam
838 1949 868 2007 et
893 1963 953 2007 uon
981 1951 1193 2030 congruentem

127 2065 192 2108 cum
214 2039 658 2126 dochmiishabereuideantur,
681 2042 861 2107 dochmiacis
877 2042 1125 2130 hypercatalectis
1144 2043 1195 2108 ao-

127 2141 279 2209 numerari
304 2149 444 2230 praestat
500 2142 545 2208 Ac
572 2164 664 2231 saepe
690 2144 747 2210 cluo
775 2142 943 2209 huiusmodi
971 2142 1135 2210 dochmiaci
1163 2145 1212 2209 in*

128 2266 217 2310 unum
243 2263 360 2310 versum
387 2244 620 2331 coniunguntur,
654 2244 704 2332 qni
739 2266 879 2310 mensuro
908 2264 1034 2333 prorsus
1067 2266 1123 2334 par
1150 2253 1197 2310 est

129 2351 301 2411 tetrametro
323 2342 502 2427 Bacchiaco,
524 2345 576 2410 sed
599 2366 721 2412 numero
743 2345 977 2411 diversissimus:

228 2478 276 2524 υέ
289 2476 294 2547 Ι
308 2477 327 2519 L
340 2477 344 2546 Ι
359 2478 505 2547 υΔ-Ιγυέ
520 2477 525 2548 Ι
538 2479 557 2519 L
571 2480 575 2548 Ι
588 2479 661 2525 υἱ.-

131 2614 240 2682 Aesch.
261 2613 348 2679 Eum.
368 2612 441 2680 791.
461 2612 533 2679 821.

213 2727 360 2811 στενάξας
382 2732 414 2796 cl
433 2729 526 2818 ῥίξω,·
547 2729 695 2814 γίνωμαις
717 2727 871 2806 ciroteca.

134 2866 189 2933 seo
212 2888 303 2956 saepe
325 2866 413 2933 etiam
435 2865 598 2935 solutiones
626 2867 731 2933 halet:
763 2865 869 2955 Eurip.
891 2864 1194 2934 mansuesco.

211 2985 376 3070 ἀναφλέγω
396 2982 493 3068 πυρὸς
513 2989 580 3069 φῶς
602 2983 631 3058 ἔς
653 2980 759 3066 αὐγάν,
781 2985 812 3059 ἐς
832 2983 950 3065 αἴγλαν.

211 3087 381 3172 μακαρίαις
401 3083 521 3163 ἀοιδαῖς
541 3088 661 3169 ῖακχαῖςΙ
681 3108 713 3148 τε
731 3081 864 3170 νύμφαν.

598 3269 633 3356 ς.
654 3269 728 3377 ms.

213 3406 249 3471 ln
282 3407 342 3471 fine
367 3414 463 3471 autem
492 3413 543 3471 aut
573 3403 621 3470 his
643 3404 909 3493 hypercatalectis‚
943 3411 995 3469 aut
1020 3398 1195 3488 vulgaribus

79 3566 81 3571 .
147 3501 275 3572 lammiis
296 3528 384 3573 unum
406 3492 497 3573 adiici
518 3504 679 3571 Bacchium
700 3504 775 3591 nillil
795 3505 942 3595 prohibat.
969 3504 1018 3569 lta
1037 3501 1068 3567 in
1089 3500 1194 3567 Rheso

79 3604 82 3617 '
149 3622 169 3669 v.
184 3604 251 3674 loo.
273 3608 349 3692 (nisi
370 3609 401 3673 hi
423 3629 492 3674 vere
513 3606 673 3673 Bacchiaci
694 3607 797 3688 suntl:

217 3727 313 3802 δοκεῖς
332 3721 410 3811 yo‘p‚·
431 3727 463 3791 sl
480 3723 543 3809 μὴν
565 3721 616 3803 or’2‘3
637 3723 761 3805 θρασὺς
780 3729 856 3808 γοῦν
876 3724 908 3798 ἐς
928 3719 1019 3804 ἡμᾶς.

218 3825 267 3893 τίν’
291 3824 405 3911 ἁλκήνς
425 3826 477 3893 τίν’
502 3829 607 3904 clerica
625 3825 772 3908 Ὀδυσσῆ.

101 3966 104 3973 “
157 3949 215 4022 Nam
231 3961 258 4027 is
278 3961 427 4028 Bacchius
448 3984 507 4030 non
527 3968 676 4052 repugnat
694 3982 816 4026 numero
838 3957 1027 4037 dochmiaco,
1055 3952 1125 4041 quia
1146 3973 1194 4017 ca-

159 4052 244 4126 talaris
275 4063 448 4129 dochmiaca'
479 4073 533 4131 est.
590 4063 719 4130 omnmo
754 4062 834 4128 euim
865 4057 1045 4212 dochpuiecis
1071 4054 1095 4118 ii
1128 4053 1194 4118 fere
