2654 4786
132 392 195 459 lea
317 471 320 477 ,
507 406 575 462 ma.
592 408 638 461 ur.
672 405 750 461 cur.
767 406 801 462 ru

130 561 243 626 riambo
267 558 443 647 principium
466 567 642 648 occupante,
670 559 734 624 basi
763 565 860 624 autem
882 559 1081 645 trochaaopnc
1103 557 1134 623 io
1157 557 1204 623 di·

130 661 248 750 podiam
270 661 426 727 iambicam
448 661 583 727 mutatis:

230 795 473 858 έυυ-Ιῦέυ-

132 936 206 1002 quae
228 915 325 981 [orma
347 922 392 980 est
412 935 517 980 versus
537 911 732 981 choriambici
753 913 883 980 dimetri.

602 1116 637 1203 e.
658 1113 732 1182 roa.

215 1269 329 1339 Versus
351 1270 587 1352 Pherecrateus,
619 1269 650 1333 in
684 1292 740 1356 quo
773 1268 870 1334 nullus
901 1276 970 1358 post
996 1269 1200 1336 choriambum

130 1370 246 1436 iambos
267 1377 331 1454 est,
351 1371 402 1457 qui
423 1371 579 1459 transponi
600 1371 713 1460 possit,
740 1392 800 1437 non
827 1370 888 1436 nisi
917 1370 991 1437 duas
1012 1372 1129 1439 formas
1150 1372 1201 1438 ad·

130 1976 260 2051 Quarum
292 1976 441 2064 posterior
467 1999 537 2042 rara
565 1983 628 2060 est,
660 1984 690 2043 et
722 1979 787 2043 sere
819 1983 931 2045 tantum
962 1978 994 2043 in
1025 1978 1198 2068 cumpositis

130 2077 304 2165 quibusdam
325 2078 461 2144 uersibus
479 2078 595 2144 usitata.

599 2281 632 2366 §-
653 2279 727 2348 ror.

213 2433 339 2497 Dicatur
364 2433 460 2522 primo
488 2433 525 2497 de
553 2435 768 2523 permutatione
796 2433 968 2501 formarum.
1017 2434 1121 2523 Atque
1140 2436 1199 2526 pri·

129 2532 461 2620 mitivaGlyconeorum
484 2533 593 2619 forma,
618 2557 692 2622 quae
713 2536 811 2600 iambo
828 2536 940 2618 finitur,
962 2537 1040 2624 apud
1051 2539 1198 2621 scenicos,

128 2643 209 2700 certe
231 2635 261 2727 in
283 2634 450 2699 recentiore
471 2637 639 2722 tragoedia,
662 2638 750 2702 etiam
772 2637 934 2726 spondeum
955 2638 988 2702 io
1005 2637 1065 2703 fine
1084 2639 1198 2728 recipit,

127 2738 171 2802 ita
192 2744 224 2802 ut
245 2735 394 2827 spondeus
416 2737 514 2801 iambo
538 2738 568 2802 io
591 2738 814 2826 antistrophicis
835 2739 1017 2828 respondere
1038 2740 1156 2829 possit:

240 2851 262 2912 .‘.
283 2853 303 2914 .'.
328 2869 445 2938 μου-
460 2871 464 2940 p
478 2871 523 2916 vr

128 2990 289 3078 Euripides
312 2989 435 3078 Hippol.
457 2987 529 3056 741.
551 2989 624 3057 751.

211 3108 267 3183 τὰς
288 3105 504 3193 ἠλεκτροφαεῖς
526 3105 631 3192 αὐγοίς.

212 3207 302 3290 χθὼν
323 3208 520 3290 εὐδαιμονίαν
540 3215 634 3286 θεοῖς,

128 3345 156 3409 si
182 3365 255 3407 sana
288 3351 334 3407 est
362 3345 568 3434 antistrophici
589 3366 693 3410 versus
714 3344 869 3435 scriptura.
919 3345 1005 3421 Quod
1034 3350 1113 3438 apud
1140 3348 1195 3416 So·

126 3444 263 3532 phociem
284 3443 396 3528 legitur
417 3446 544 3512 Philoct.
570 3446 662 3513 1128.
685 3446 777 3513 1151.
1242 3443 1248 3448 ’

212 3552 238 3625 ὦ
259 3558 349 3636 τόξον
371 3563 470 3647 φίλον,
492 3556 518 3627 ὦ
539 3565 645 3649 φίλων,

211 3662 268 3728 τὰν
290 3659 426 3747 πρόσθεν
446 3665 560 3744 βελέων
581 3662 687 3743 ἀλκάν,

127 3799 216 3865 facile
232 3798 346 3886 corrigi
367 3807 466 3889 potest
487 3799 584 3864 ἀλκὰν
604 3804 636 3867 iu
657 3799 759 3884 ἀκμὰν
781 3810 900 3869 mutato.
923 3802 1105 3892 Plerumque
1117 3806 1192 3872 enim

127 3903 224 3968 iambo
247 3902 372 3983 iambus,
393 3901 524 3989 spondeo
547 3903 695 3990 spondeus
716 3903 885 3992 respondet.
908 3902 1095 3995 Omninoque
1106 3908 1191 3974 etiarn

127 4002 158 4067 io
181 4004 238 4069 hoc
260 4026 373 4090 genere
393 4025 530 4069 versuum
554 4004 703 4091 aliquanto
726 4005 916 4094 diligentius,
939 4029 1026 4093 quum
1048 4009 1121 4076 olim
1142 4031 1190 4099 pu-

127 4106 252 4187 tabatur,
273 4105 486 4194 responsiones
507 4105 675 4174 elaboratas
697 4129 764 4174 esse
785 4108 1043 4195 deprehendimus.
