2654 4786
559 376 778 435 fflfflfflw.
1123 388 1199 434 τη

449 524 1100 630 μάλακαβαθυλήιοναίεὶ

201 643 629 747 εὶςωρωςᾶμωιν
806 700 811 715 .
1056 682 1117 717 ,·-

74 841 76 846 ’
132 826 173 910 τὸ
145 789 254 907 da
287 795 362 978 eie
358 792 541 978 cipueif'i
501 861 543 907 a
528 816 750 950 ὅμηροι)
764 814 983 943 tapam
978 835 1037 910 oi
1039 812 1200 911 Αττικοι

133 948 250 1048 φασὶν
289 944 349 1025 ἐπὶ
391 950 486 1052 ἀρᾶς
516 924 564 1026 τὸ
593 940 645 1049 μὴ
677 942 779 1037 ἒς“
746 981 846 1053 ωρας
877 948 898 1028 ὅ
920 934 1089 1030 dsiee‘'
1048 983 1199 1077 smmi

132 1065 225 1142 ἀλλὰ
250 1065 393 1166 δηλαδὴ
418 1067 546 1168 npd‘'
515 1098 615 1169 ωρας
639 1069 888 1172 ἐκθερισθείη.

238 1270 417 1369 Reliquum
465 1281 518 1347 ent
561 1281 601 1346 nt
646 1275 795 1347 meritam
838 1271 969 1347 laudem
1011 1275 1198 1374 impertiam

130 1388 250 1463 Ottoni
275 1388 493 1485 Krensaicro,
519 1392 643 1490 philos.
670 1392 819 1486 doctori,
846 1393 1005 1490 magistro
1029 1392 1065 1465 in
1082 1394 1198 1467 schola

130 1533 213 1607 quae
247 1508 334 1607 apud
369 1513 437 1605 nos}
464 1518 516 1583 est
546 1510 777 1604 Nicolaitana,
812 1535 909 1608 quem
935 1535 1033 1608 qnnm
1058 1518 1198 1609 propter

129 1635 316 1701 accuratam
343 1627 545 1731 doctrinam,
571 1636 639 1703 tum
664 1637 804 1728 propter
838 1630 938 1703 animi
972 1629 1197 1726 integritatem

129 1747 334 1819 carissimum
368 1748 487 1821 habco.
544 1746 582 1821 Ia
615 1749 701 1821 enim
728 1748 809 1819 mihi
832 1773 900 1820 non
926 1749 1032 1820 solum
1057 1748 1093 1820 in
1118 1771 1197 1820 cor·

129 1863 276 1962 rigandis
309 1866 477 1938 erroribus
516 1867 706 1964 typothetae
743 1866 1026 1963 diligentissimam
1062 1890 1197 1963 operam

128 1983 308 2082 praestitit,
331 2009 442 2057 uerum
464 1985 622 2057 etiamen
638 1986 681 2057 iis
698 2008 782 2081 quae
796 1985 869 2082 ipse
885 1985 1042 2057 adnotata
1056 1983 1196 2055 habebat

128 2101 183 2174 hic
215 2102 288 2174 illic
323 2103 448 2199 aliquid
481 2129 546 2201 quo
578 2111 691 2187 uterer
723 2102 995 2175 subministravit.
1046 2100 1100 2173 Ae
1124 2102 1195 2173 fero

127 2216 210 2292 nihil
235 2221 366 2318 peccati
390 2221 544 2295 relietum
568 2223 691 2314 inveni,
718 2222 783 2293 nisi
800 2223 853 2293 vcl
875 2220 1026 2318 spiritum
1052 2219 1195 2315 aliquem

128 2339 180 2410 vel
206 2346 396 2431 accentum,
422 2340 522 2437 idque
547 2340 656 2437 ipsum
681 2340 861 2431 rarissime,
890 2339 1068 2411 omissum:
1094 2361 1195 2435 prae·

127 2464 218 2528 terea
243 2457 327 2530 haec
353 2450 520 2554 quattuor,
546 2459 686 2556 primum
713 2458 886 2555 quodlib.
912 2455 965 2529 ΙΙ.
992 2482 1023 2530 c.
1050 2455 1118 2528 IV.
1144 2453 1192 2530 V.

127 2574 255 2648 indices
282 2576 424 2674 capitum
450 2579 627 2675 permutati
653 2586 742 2669 sunt,
770 2600 907 2673 quorum
923 2577 1066 2673 capitum
1083 2573 1193 2671 quarti

126 2693 300 2791 inscriptio
327 2719 401 2768 esse
427 2694 566 2769 debebat
590 2694 639 2770 de
664 2719 825 2770 numero
850 2692 1061 2786 trochaico,
1088 2691 1194 2789 quinti

127 2819 236 2884 autem
255 2811 305 2887 de
325 2809 743 2901 nereidum-trochaicam
769 2814 921 2904 alterum,
950 2813 1035 2908 qnod
1053 2837 1088 2909 p.
1106 2813 1193 2887 115.

128 2954 158 3002 ι.
184 2932 249 3002 ult.
275 2932 481 3006 scribendum
502 2941 574 3006 crat
596 2925 778 3032 φυλάσσει
793 2957 854 3030 pro
871 2924 1086 3028 φυλάσσαυ,
1107 2938 1192 3027 etp.

131 3048 679 3152 mammoneamque,
708 3074 790 3147 quae
816 3050 931 3120 ultima
956 3055 1034 3119 sunt
1055 3071 1193 3160 praece

127 3165 234 3239 dentis
259 3168 425 3265 paginae,
452 3170 593 3267 repetita
559 3177 714 3256 tsunt3
740 3168 895 3264 denique,
922 3151 1077 3264 quod§.
1105 3169 1192 3242 132

127 3307 224 3356 uersu
250 3293 368 3381 sexto,
402 3309 485 3385 quae
511 3312 584 3360 mea
615 3288 714 3383 culpa
749 3293 819 3378 est,
845 3309 911 3357 non
938 3295 1125 3386 quattuor
1149 3286 1193 3358 im

127 3399 225 3476 tdeaa
245 3401 441 3500 syllabae,
468 3405 527 3479 scd
552 3415 739 3507 quattuor
760 3427 837 3502 pro
862 3402 1045 3477 trochaeo
1070 3403 1193 3498 cylla-

127 3515 194 3595 daa
220 3522 365 3597 scribere
393 3524 561 3597 debebam.
586 3523 716 3596 Ibidem
740 3524 775 3594 in
801 3523 938 3596 alterius
963 3523 1096 3594 illarum
1120 3521 1193 3592 for·

126 3662 250 3711 unarum
282 3641 504 3740 descriptione
538 3643 626 3715 ictus
663 3643 804 3717 omissus
830 3650 904 3715 esta
940 3641 1080 3713 debebat
1104 3639 1190 3712 enim

126 3757 201 3830 talis
227 3783 321 3833 esse:

541 3961 720 4010 υίυ-

491 4095 719 4156 ι-ὼυυ-
