2654 4786
172 395 237 466 284
531 419 598 472 ura.
616 418 662 471 ru.
692 416 772 470 our.
790 416 875 469 xxrr.

172 566 340 632 videantur:
363 569 445 633 utin
469 567 647 632 Prometheo
677 590 703 633 r.
729 565 802 633 425.
824 567 898 632 900.
922 567 952 630 iu
977 564 1080 630 Persis
1101 565 1153 630 93.
1177 565 1240 631 Sed

172 668 349 750 cavendum,
375 689 413 733 ue
439 669 513 734 haec
542 670 659 758 species
687 668 821 734 fraudem
849 668 948 732 saciat.
997 667 1072 730 Nam
1095 688 1186 755 saepe
1209 667 1239 730 in

172 769 275 857 epodis
303 768 406 834 eadem
433 777 527 835 metra
548 771 690 857 repetita,
719 769 771 834 sed
801 770 894 835 urixta
916 769 1004 833 etiam
1035 768 1105 833 aliis
1126 768 1241 848 metris,

171 868 375 951 inveniuntur,
404 877 497 936 ntea
527 893 561 935 re
593 870 740 936 interdum
766 878 867 959 partes
904 893 1003 936 earum
1036 870 1095 935 sibi
1123 867 1241 935 similli·

171 991 236 1034 mae
256 970 328 1034 sint.

635 1122 670 1208 s.
691 1122 765 1188 oro.

253 1257 381 1322 Praeter
406 1256 548 1344 paredum
576 1266 607 1322 et
627 1258 751 1322 stasima
779 1260 867 1323 etiam
895 1258 954 1323 alia
982 1256 1127 1344 quaedam
1155 1258 1241 1323 chori

170 1357 286 1422 cantica
307 1358 506 1446 reperiuntur,
529 1359 632 1444 quibus
655 1351 757 1422 linitur
779 1358 924 1424 interdum
947 1359 1114 1444 tragoedia.
1156 1358 1242 1423 Haec

169 1459 282 1547 parodo
305 1480 389 1545 quam
413 1460 543 1523 stasimis
565 1459 712 1523 similiora
734 1468 811 1523 sunt.
835 1458 981 1525 Constant
1003 1469 1098 1523 autem
1114 1460 1240 1523 exanti-
1263 1458 1267 1463 ’

169 1559 339 1648 strophicis,
361 1568 392 1624 et
413 1569 566 1642 canuntur,
588 1568 620 1625 ut
640 1561 766 1643 videtur,
788 1583 806 1624 a
827 1560 959 1649 partibus
979 1559 1073 1625 chori.
1095 1559 1240 1624 Itacerte

170 1661 201 1725 iu
224 1661 415 1749 supplicibus
438 1661 584 1747 Aeschyli
613 1663 732 1725 factum.
783 1661 874 1726 Aliud
902 1661 1069 1749 exemplum
1096 1663 1243 1749 praebent

169 1759 361 1844 Eumenides,
383 1761 434 1826 ubi
456 1783 514 1827 non
537 1762 575 1843 is,
597 1763 645 1848 qui
669 1763 819 1850 legitimus
840 1764 872 1827 in
894 1760 1164 1828 catabulachorus
1184 1769 1240 1846 est,

170 1861 223 1926 sed
246 1862 322 1928 alius
344 1863 401 1929 hoc
423 1863 568 1928 canticum
589 1864 685 1930 habet.

547 2064 769 2153 „acen

253 2199 406 2265 Interdum
428 2207 458 2264 et
479 2201 588 2285 tragici
610 2207 640 2265 et
653 2200 758 2264 comici
774 2198 854 2265 aliud
872 2221 968 2285 genus
990 2199 1131 2264 carminis
1155 2221 1238 2264 usur·

166 2308 257 2388 pant,
286 2302 363 2387 quod
393 2323 432 2365 ex
460 2323 519 2366 una
540 2301 663 2390 stropha
685 2309 817 2384 constat,
850 2301 933 2365 cuius
965 2300 1152 2388 antistropha
1180 2321 1238 2365 non

168 2403 286 2484 statim,
319 2401 372 2466 sed
400 2411 468 2488 post
501 2402 614 2488 aliquot
641 2413 773 2467 actorum
800 2424 903 2467 versos
929 2410 960 2466 et
988 2401 1135 2467 interdum
1163 2401 1237 2466 satis

168 2525 277 2588 magua
298 2502 417 2567 tabulae
439 2510 523 2591 parte
544 2503 700 2567 interiecta
721 2504 862 2589 sequitur.
895 2502 1076 2567 Huiusmodi
1097 2502 1238 2590 strophae

168 2625 246 2667 nunc
266 2604 422 2689 longiores
450 2613 533 2685 sunt,
562 2605 651 2683 utin
675 2604 843 2668 Philocteta
863 2627 889 2667 v.
911 2604 983 2669 391.
1007 2614 1037 2668 et
1057 2602 1131 2670 507.
1177 2604 1238 2668 Ae·

168 2704 290 2792 schylus
318 2712 415 2769 autem
442 2704 474 2769 in
502 2704 839 2793 Eumenidibus,‚qoaen
865 2704 966 2771 fabula
993 2705 1079 2793 plura
1107 2705 1239 2772 continet

168 2804 255 2870 huius
282 2805 404 2893 generis
433 2806 585 2894 exempla,
613 2807 701 2872 etiam
729 2805 831 2871 eadem
860 2807 950 2871 verba
981 2806 1080 2871 omnia
1107 2805 1238 2888 iteravit,

168 2905 245 2993 quod
267 2905 319 2970 ille
342 2906 431 2971 etiam
454 2907 482 2970 iu
505 2908 636 2973 stasimis
658 2929 873 2993 nonnumquam
896 2915 925 2972 et
947 2907 1068 2981 commis
1090 2906 1181 2989 lecit,
1207 2915 1238 2971 ut

167 3007 199 3071 in
235 3006 355 3094 Septem
392 3007 428 3073 ad
457 3008 599 3090 Thebas,
631 3008 662 3071 iu
691 3008 933 3094 Agamemnone,
965 3009 996 3072 in
1032 3006 1236 3096 Supplicibus.

167 3108 254 3172 Nunc
276 3109 427 3174 breviores
450 3118 519 3176 suut
532 3108 672 3196 strophae
693 3107 779 3183 istae,
802 3109 982 3196 compositae
1004 3107 1176 3197 plerumque
1198 3131 1236 3173 ex

168 3229 280 3294 genere
308 3209 497 3292 dochmiaco,
534 3218 563 3276 ut
595 3210 627 3275 in
659 3208 804 3298 Aeschyli
831 3209 951 3298 Septem
987 3210 1023 3274 ad
1052 3209 1179 3277 Thebas
1208 3218 1237 3275 et

168 3309 367 3398 Supplicibus.

630 3462 665 3548 §-
693 3462 765 3529 ceu
887 3493 889 3496 Δ

251 3598 384 3662 Perraro
404 3598 436 3661 in
459 3597 623 3684 tragoediis
645 3606 764 3662 carmen
786 3597 869 3662 chori
891 3599 1039 3663 invenitur
1058 3620 1097 3663 ex
1112 3601 1236 3688 stropha

167 3699 319 3781 solitaria,
347 3699 484 3785 omnique
511 3699 697 3787 antistropha
724 3701 908 3764 destitutum:
938 3699 1013 3786 quod
1036 3696 1100 3764 nouv
1117 3701 1236 3766 videtur

168 3801 227 3865 uisi
255 3802 284 3865 in
308 3823 417 3886 magna
439 3799 563 3888 quadam
591 3810 620 3864 et
641 3800 762 3866 insolita
784 3802 946 3865 animorum
970 3803 1169 3867 commotione
1191 3804 1206 3867 l
1222 3839 1234 3851 -

167 3912 242 3966 ctum
266 3925 341 3967 esse.
386 3901 562 3990 Exemplum
584 3910 630 3966 est
657 3903 687 3966 in
715 3901 890 3967 Trachiniis
918 3926 945 3970 v.
966 3901 1038 3971 205.
1070 3905 1119 3969 uhi
1148 3906 1234 3969 scho-

166 4003 284 4068 liastes:
307 4002 342 4067 τὸ
363 3999 539 4087 μελιδᾶριον
561 4003 617 4066 οὐκ
637 4001 700 4066 ἔστι
723 3999 879 4084 στάσιμον,
908 4000 972 4067 ἀλλ’
997 4001 1056 4067 ὑπὸ
1084 4009 1139 4086 τῆς
1159 4001 1234 4086 ἡδο-

167 4109 220 4187 νῆς
241 4103 411 4190 ὀρχοῦνται.
438 4104 566 4174 Videtur
578 4112 673 4170 autem
687 4113 716 4170 et
738 4105 794 4171 hoc
815 4125 931 4171 carmen
955 4128 973 4169 a
995 4090 1123 4173 diversis
1146 4107 1236 4174 chori·
