2654 4786
273 424 321 480 nu
339 426 521 480 snuoeurs
540 426 642 483 emm
658 428 708 483 ur
726 410 883 485 sucasini
901 431 1071 485 cessans.
1142 394 1208 484 m

137 599 286 662 somnum,
307 580 535 646 anteactorum
558 579 728 647 eorumdem
745 582 883 671 repetitio
895 540 1081 671 stropharum
1093 583 1205 651 iudicia

135 681 314 770 suppeditat
363 680 403 749 Vt
429 683 459 747 in
489 703 579 747 carm.
600 681 745 748 XXXIX.
778 684 862 750 cuins
882 685 1041 773 strophae,
1060 704 1143 772 spese
1165 706 1204 755 ex

135 783 287 869 quaternis
309 783 444 849 versinus
466 792 613 867 coustant,
635 805 737 851 omues
759 783 817 850 hoc
837 806 924 849 versu
946 786 1103 872 incipiunt.

219 912 263 981 ὅτ’
287 914 345 1002 ἐγὼ
367 919 427 983 πίω
447 917 502 984 adr
522 915 631 983 uisos.-

135 1085 203 1153 Hoe
231 1107 329 1173 genus
355 1087 462 1154 imitati
494 1096 562 1154 sunt
588 1076 694 1177 poetae
724 1082 866 1170 bucolici,
897 1086 935 1154 de
963 1086 1067 1177 quihus
1089 1088 1205 1156 dicetur

132 1186 167 1273 ᾇ
189 1186 262 1253 596.
313 1187 433 1255 Horatii
463 1189 611 1271 carmina,
639 1180 713 1277 quae
734 1188 816 1254 itinn
838 1189 939 1255 omnia
959 1190 997 1255 ad
1020 1189 1203 1258 Graecorum

133 1288 271 1378 exempla
292 1290 495 1379 composuisse
516 1299 642 1373 constat,
665 1311 802 1377 magnam
824 1297 937 1378 partem
966 1299 1016 1357 aut
1036 1290 1116 1356 κατὰ
1138 1294 1204 1358 στί-

129 1414 187 1473 χον
207 1390 289 1457 facta
309 1412 393 1474 esse,
421 1399 472 1458 aut
498 1391 642 1479 strophas
665 1413 705 1459 ex
733 1390 847 1456 duobus
875 1392 1012 1457 versibus
1034 1402 1203 1460 constantes

132 1491 243 1558 habere
259 1493 446 1580 putabantur.
468 1490 530 1557 Sed
547 1514 633 1579 quum
656 1514 715 1556 non
737 1491 888 1557 videretur
910 1514 979 1558 casn
998 1493 1106 1558 factum
1123 1516 1202 1578 esse,

132 1600 179 1676 nt,
206 1601 327 1682 praeter
351 1591 407 1658 ΙΙΙ.
434 1592 486 1658 la
519 1593 597 1680 quod
623 1600 670 1659 est
700 1593 735 1668 ἐξ
760 1588 875 1670 ὁμοίων
900 1593 1066 1661 imitatione
1094 1595 1202 1661 Alcaei

131 1692 258 1776 iudum,
279 1694 380 1759 omniu
399 1693 431 1758 in
451 1702 612 1780 quaternos
633 1712 736 1759 versos
757 1693 849 1759 dividi
870 1703 1007 1782 possent,
1028 1695 1141 1786 prinus
1162 1698 1202 1762 Α.

131 1794 307 1861 Meinekics
328 1814 366 1860 ea
385 1794 431 1859 sic
452 1792 619 1883 descripsit
669 1790 764 1881 idque
785 1816 852 1860 eum
878 1803 961 1861 recte
988 1796 1101 1862 fecisse
1117 1805 1201 1886 puto.

129 1896 253 1962 Nullum
279 1904 327 1961 est
353 1895 447 1979 enim,
474 1896 565 1983 quod·
580 1917 647 1963 eum
673 1895 850 1962 divisionem
877 1898 1030 1986 repudiet,
1060 1899 1202 1984 quaedam

130 2004 229 2063 autem
251 1997 337 2063 vaide
359 1997 544 2078 confirmant,
565 2006 598 2066 ut
618 1995 642 2061 Ι.
660 1996 710 2062 13.
722 1996 774 2063 19.
795 1997 850 2062 ΙΙΙ.
863 1997 914 2064 28.
937 1999 991 2068 Ν.
1006 1998 1036 2065 7.
1059 2000 1202 2064 maxime

130 2120 185 2187 qne
215 2086 343 2164 omnium
371 2096 427 2164 ΙΙΙ.
453 2095 485 2164 9.
517 2096 670 2185 ipsumque
698 2096 787 2186 primi
815 2094 885 2163 dibri
912 2118 1030 2164 carmen
1061 2098 1200 2188 primunr,

129 2198 218 2287 quod,
240 2207 272 2287 ut
292 2196 323 2263 in
346 2196 556 2264 dissertatione
578 2198 706 2282 ostendi,
728 2220 813 2287 qnam
836 2199 873 2266 de
885 2221 920 2265 eo
936 2200 1067 2265 carmine
1080 2202 1199 2290 scripsi,

129 2300 236 2365 recisis
263 2296 368 2388 primis
396 2298 509 2366 dnobus
538 2296 709 2394 duobusque
738 2300 848 2367 ultimis
869 2303 1005 2367 versibus
1028 2323 1087 2369 nou
1109 2300 1197 2368 medo

128 2400 384 2487 elegantissimum
414 2409 474 2485 est,
502 2399 555 2466 sed
584 2401 672 2467 etiem
702 2403 839 2490 strophas
869 2414 1040 2489 quaternum
1062 2426 1198 2469 versuum

129 2510 210 2567 recte
232 2501 387 2569 distinctas
410 2501 513 2583 habet,
546 2502 590 2566 ita
612 2511 642 2567 ut
664 2503 794 2568 nesciam
822 2525 859 2568 un
881 2504 1017 2591 primitus
1039 2505 1105 2570 sine
1126 2504 1199 2570 duo·

130 2603 182 2668 bus
205 2604 272 2669 istis
296 2603 431 2668 distichis
453 2603 601 2668 conditum
624 2602 726 2670 suerit.
777 2603 890 2692 Aperte
917 2605 1049 2669 vitiatum
1072 2613 1118 2670 est
1142 2605 1197 2674 lv.

128 2703 160 2772 8.
188 2705 407 2791 iu-,quo.„uou
442 2704 542 2775 dutito
563 2705 982 2791 ¹,puin,rectepidofmunnus
1015 2707 1196 2793 Peerlkamp

129 2805 233 2872 eiectis
256 2806 390 2871 versibus
414 2803 561 2870 14-17.
583 2803 772 2870 coniunxerit
792 2805 882 2870 haec:

213 2960 284 3005 non
304 2941 419 3005 ineius
441 2942 535 3005 notis
555 2960 738 3004 mormora
754 2939 912 3021 psadls'ods

213 3043 300 3124 aises,
322 3044 388 3126 poti
405 3041 536 3107 domita
557 3063 679 3106 nomen
700 3039 744 3105 ab
764 3039 903 3123 Africa

213 3143 376 3208 lucratus
398 3143 520 3226 rediit,
542 3144 681 3209 elarius
701 3138 874 3225 micant,

211 3244 345 3328 laudes,
367 3267 471 3331 pesam
495 3243 673 3311 Calabrae
694 3240 869 3321 Pierides.
946 3314 950 3323 ¹
981 3298 986 3311 ,
1051 3298 1055 3305 .

126 3412 203 3478 Nam
216 3434 302 3500 quum
314 3413 429 3477 ciceion
439 3415 531 3479 notis
542 3432 726 3479 marmora
733 3408 886 3498 publicis
900 3412 967 3475 non'
978 3408 1073 3499 p'oss'i't
1083 3408 1144 3493 nisi
1156 3410 1192 3475 de

128 3513 211 3579 titulo
234 3514 326 3602 lapidi
346 3514 490 3603 inscripto
512 3512 619 3580 dictum
641 3535 721 3598 esse,
741 3504 865 3602 prorsus
884 3502 1016 3601 'ineptum
1046 3514 1091 3576 est
1118 3510 1193 3597 quod

127 3613 158 3679 in
178 3614 267 3680 libris
286 3615 436 3702 seqnitur,
453 3638 522 3702 per
544 3638 635 3704 quoe
654 3616 805 3701 spiritus
827 3624 863 3680 ec
881 3621 958 3679 nita
978 3610 1076 3678 redde
1096 3610 1194 3677 donis

123 3726 371 3801 postmortem
392 3715 557 3783 deciduo:
578 3716 656 3805 qnod
678 3710 785 3782 hic'ne
808 3716 844 3782 de
866 3722 962 3780 statua
978 3706 1095 3801 puidem
1113 3720 1193 3777 recte

128 3815 294 3905 proedicari
315 3826 443 3908 poterat,
463 3818 517 3883 sed
539 3817 694 3884 dicendum
716 3827 781 3883 erat
802 3817 839 3882 de
857 3814 1045 3881 carminibus.
1068 3813 1191 3900 Exque

127 3917 258 3984 nascitur
267 3919 409 4008 suspicio,
423 3920 646 4006 quumiacerato
660 3912 865 4006 antiquissimo
877 3917 953 3982 libro
966 3914 1080 4000 reliqua
1092 3920 1193 3978 essent

128 4016 328 4104 mee-verse,
340 4028 420 4107 pter
437 4042 532 4108 queo
550 4021 703 4107 spiritus
727 4031 764 4086 et
782 4019 858 4085 eea
870 4017 976 4089 ‚redit
996 4014 1094 4081 denti
1109 4025 1194 4102 post

127 4121 604 4207 mamburnum-sesemen
621 4110 753 4191 'tamnus
785 4122 823 4185 ab
859 4119 995 4208 imperito
1022 4124 1191 4185 correctore
1229 4122 1233 4126 '

950 4221 1005 4272 lt·
