2654 4786
526 386 595 442 cre.
612 388 634 439 r.
653 384 748 440 ossa
767 386 799 439 v.

605 539 641 624 i·
667 537 721 603 3⁴²
841 560 846 571 ’

212 658 352 724 Secundo
381 657 705 747 persolutionem
735 674 867 720 arseos
890 653 935 718 vel
964 651 1201 720 contractio·

128 781 208 825 nem
237 761 409 840 theseos,
441 779 565 845 quorum
592 758 717 824 altorum
745 757 776 822 in
810 755 987 839 trochaicis,
1015 755 1142 821 alterum
1171 755 1201 819 in

129 860 284 948 dactylicis
307 860 437 925 numeris
459 860 525 924 ficri
548 859 640 925 solet:

229 996 273 1047 έυ

604 1265 639 1350 5.
667 1263 718 1331 37.

213 1401 322 1469 Tertio
350 1400 672 1492 persolutionem
700 1421 832 1467 arseos
861 1398 1098 1467 coniunctam
1126 1420 1202 1465 cum

129 1505 285 1605 theseos
309 1505 579 1571 contractione.
601 1502 687 1579 Quod
698 1500 732 1567 lit
751 1502 782 1567 in
804 1500 960 1591 dactylicis
982 1501 1034 1584 iis,
1056 1499 1107 1589 qui
1129 1523 1201 1567 aua·

128 1607 225 1700 paesti
243 1615 397 1683 uocantur.
446 1605 482 1672 ln
511 1605 617 1692 quihus
644 1627 703 1672 nou
731 1603 827 1672 solum
855 1604 887 1671 hi
915 1613 976 1671 tres
997 1610 1202 1693 permutantur

128 1731 257 1792 numeru,

129 2217 182 2283 sed
204 2213 428 2283 acceditetiam
451 2213 618 2281 coniunctio
640 2212 764 2280 secundi
786 2221 816 2279 et
836 2212 929 2294 tertii,

128 2509 204 2575 quae
226 2486 289 2574 logi
311 2506 499 2551 numerorum
521 2492 723 2574 repugnatura
745 2492 841 2566 esset,
867 2483 929 2549 uisi
956 2483 1043 2548 simul
1070 2483 1128 2550 duo
1158 2483 1204 2549 di·

128 2589 209 2654 versi
230 2588 345 2653 numeri
367 2587 601 2676 perciperentur,
623 2607 745 2674 quorum
763 2586 915 2672 utriusque
925 2584 1079 2650 dimidiata
1089 2596 1204 2653 tantum

128 2711 199 2779 pars
232 2689 332 2772 souis,
367 2688 510 2776 syllabis,
544 2687 671 2751 motihus
693 2687 888 2776 exprimitur,
920 2685 1075 2752 dimidiata
1103 2697 1206 2757 auteur

128 2791 219 2858 tacita
240 2790 449 2857 observatione
469 2797 599 2871 notatur,
621 2787 863 2877 quemadmodum
884 2788 916 2854 in
930 2787 1074 2855 hodierna
1091 2791 1206 2857 musica

60 2882 63 2886 ⁵
128 2901 240 2977 tactus,
263 2915 348 2982 quem
370 2900 494 2974 vocant,
520 2891 608 2956 simul
629 2891 793 2981 percipitur
821 2912 886 2955 curu
908 2891 1039 2956 numeris
1059 2913 1205 2959 sonorum

129 2996 319 3080 musicorum,
341 2994 411 3061 licet
432 2990 654 3060 diversissimis.
699 2991 766 3058 lloc
789 2991 876 3059 modo
899 2991 981 3057 dico:

213 3156 276 3195 καπ
356 3144 375 3184 Δ
450 3153 508 3193 κατ
582 3141 601 3183 Δ
682 3154 732 3192 και
811 3145 828 3184 Δ
908 3133 1047 3192 aaa

217 3248 266 3276 w
329 3257 399 3296 usus
451 3265 502 3294 υυ
543 3236 621 3294 dave
673 3260 725 3294 υυ
766 3254 845 3294 κατα
897 3261 948 3292 w
988 3247 1100 3310 ψομεν.

607 3432 643 3521 ς.
670 3434 721 3500 ee.

198 3568 311 3645 Quarto
326 3569 938 3660 pertranspositionemtemporis.
960 3570 1045 3646 Quod
1061 3569 1205 3637 litiuda·

129 3670 248 3760 ctyllcis
263 3670 315 3754 iis,
336 3670 386 3756 qui
407 3671 571 3736 choriambi
593 3671 730 3738 etlonici
752 3680 904 3757 vocantur,
927 3672 1142 3761 partctheseos
1156 3672 1206 3739 vel

45 3802 48 3813 ·
128 3793 308 3839 anacruseos
329 3772 444 3854 recisa,
469 3780 501 3839 et
527 3781 596 3839 aute
616 3775 700 3841 arsin
721 3785 902 3843 anacrus'eus
924 3776 971 3841 vel
994 3776 1114 3843 theseos
1134 3773 1205 3843 luco

130 3873 288 3960 collocata,
310 3874 366 3941 hac
387 3876 500 3943 sarna:

230 4011 304 4061 έυυ
375 4010 450 4058 kun
520 4010 650 4081 vau.

261 4128 306 4175 l-s)
356 4129 460 4199 υΙ-’.υ
526 4129 649 4202 υέιυέ
