2654 4786
125 360 188 429 112
480 377 547 433 nm.
563 376 597 431 ιι.
631 377 710 433 cnr.
726 376 823 433 xxiv,
858 398 861 403 ·

28 509 30 513 ¹
124 537 155 596 et
175 529 207 596 in
229 535 362 615 systema
384 526 515 596 collectis
536 526 687 616 pluribus,
707 548 831 594 numero
851 532 1045 618 perpetuam,
1070 536 1104 592 nt
1125 526 1193 592 nlti-

124 653 189 696 mus
210 653 263 719 pes
286 652 345 696 non
367 630 428 695 nisi
448 637 499 695 ant
520 629 653 717 dactylus
675 636 725 694 aut
745 628 894 718 spondens
916 649 984 693 esse
1004 637 1118 711 nosset
1138 627 1193 693 Sic

125 732 184 797 iam
212 731 317 819 lyrici,
345 740 376 797 nt
404 730 548 813 Alcman,
575 731 624 817 qni
652 737 729 795 totas
755 730 894 820 saeptas
918 729 975 797 hoc
996 743 1092 797 metro
1114 750 1193 795 com·

124 833 239 922 posuit:

211 990 317 1070 Moic’,
339 988 401 1075 ι’ίγε,
424 985 601 1064 Καλλιόπα,
625 987 761 1074 θύγατερ
784 987 870 1068 Διός,

210 1089 276 1175 ἄρχ’
301 1094 417 1179 ἐρατῶν
439 1091 544 1174 ἐπέων,
567 1087 615 1155 i'm
637 1089 666 1154 δ’
687 1091 795 1175 ἵμερον

209 1191 296 1283 ὕμνῳ
316 1196 369 1261 καλ
389 1193 533 1278 χαρίεντα
553 1193 632 1256 τίθει
651 1187 755 1277 χορόν.

126 1369 258 1465 Tragici
278 1371 441 1461 comitique
462 1370 493 1435 in
516 1368 738 1459 antistrophicis
760 1367 921 1456 diligenter
941 1387 1110 1456 exaequare
1131 1364 1194 1433 sin·

126 1473 214 1559 gulos
234 1470 327 1560 pedes
349 1473 457 1555 solent,
479 1478 510 1536 nt
531 1470 649 1559 dactylo
667 1470 812 1558 dactylos,
833 1470 965 1558 spondeo
978 1468 1131 1558 spondens
1145 1489 1194 1534 re·

125 1573 278 1663 spondeat.
322 1573 461 1638 Catalexi
482 1555 674 1660 systematum
696 1590 774 1637 nnnc
794 1571 941 1659 dactylica
961 1571 992 1636 in
1014 1569 1195 1657 disyllabum

125 1681 255 1756 utuntur,
277 1695 355 1738 nnnc
375 1674 451 1739 alius
474 1675 596 1760 generis
616 1693 734 1737 versum
754 1673 928 1738 continuant
946 1693 1071 1738 numero
1093 1670 1197 1759 dacty-

125 1774 201 1857 lico,
223 1795 301 1838 nnnc
329 1775 451 1863 abrupto
481 1774 627 1862 dactylico
654 1772 875 1855 romanaet
906 1782 938 1838 nt
958 1773 1118 1861 ancipitem
1141 1794 1197 1837 ex·

125 1874 378 2043 1οὲιιιιλὶοιιὲὲθολίοιλ
407 1882 534 1947 metrum
555 1875 725 1942 subiiciunt.
780 1874 848 1942 Hoc
875 1874 947 1941 lecit
972 1873 1196 1964 Aristophanes

157 2001 174 2042 u
196 2025 204 2043 .
291 2025 299 2043 .

156 2135 159 2141 '
209 2109 535 2199 oilt'ainocsmoieevot
557 2118 649 2204 νέφος
670 2115 800 2205 ὄμβριον

208 2217 371 2296 ἀθανάτας
391 2219 486 2302 ἰδέας,
507 2217 686 2302 ἐπιδώμεθα

251 2317 427 2408 anterioritate
450 2318 565 2402 ’ὄμματι
585 2329 685 2405 γοῖον.

127 2495 203 2562 rouo
226 2496 392 2585 Sophocles
412 2452 518 2584 salig.
539 2497 612 2564 aas.
657 2492 683 2511 ²
791 2520 794 2525 ·
834 2466 837 2470 ’

209 2636 357 2724 ἄφθιτον,
377 2620 540 2719 tintiniaco
561 2635 755 2726 ἀποτρύεται,

210 2739 376 2821 ἰλλομένων
397 2737 536 2826 ἀρότρων
558 2739 625 2818 ἔτος
646 2743 686 2818 εἶς
708 2738 784 2817 ἔτος,

252 2841 360 2928 ἱππείῳ
381 2843 456 2926 γένει
477 2839 623 2907 πολεύων.

126 3019 289 3086 Caesonem
312 3039 373 3084 non
395 3019 505 3083 habent
525 3017 557 3082 hi
579 3018 752 3083 tetrametri.
774 3016 831 3105 Vsi
852 3015 891 3082 iis
913 3016 1002 3083 etiam
1014 3017 1199 3087 Latinorum

126 3129 156 3185 et
176 3121 295 3207 tragici,
317 3128 347 3184 ut
368 3120 468 3191 Attius
490 3141 536 3208 ap.
559 3120 638 3185 Non.
659 3119 692 3184 in
712 3141 740 3184 v.
762 3120 935 3208 expergite:

210 3261 279 3326 hed
300 3264 438 3353 aegilae,
455 3264 662 3351 sne-operette,
685 3268 882 3350 expergete,

208 3369 360 3453 pectore·
377 3365 485 3429 tarde
506 3363 641 3450 eepo're,
663 3366 862 3455 exsurgite,

127 3546 157 3604 et
178 3539 293 3615 comici,
317 3547 346 3603 nt
367 3540 530 3605 Terentius
552 3540 646 3607 Andr.
667 3539 722 3609 lV.
745 3541 776 3623 l,
798 3541 826 3606 l.
849 3540 952 3622 semel,

209 3679 351 3748 hdeeeiee
372 3673 540 3748 credibile
560 3690 626 3750 eet
644 3683 874 3749 memorabile.
981 3701 983 3704 ⁴

126 3857 215 3946 Apud
244 3857 377 3925 Graecos
400 3858 534 3946 tragicos
562 3858 732 3948 systematis
761 3866 997 3926 tetrametrorom
1025 3859 1115 3925 etiam
1148 3859 1198 3926 di·

125 3961 212 4025 metri
245 3974 275 4027 et
310 3961 475 4051 hexametri
502 3961 656 4027 acatalecti
685 3962 864 4028 inseruntur.
922 3959 1002 4030 Vide
1029 3959 1091 4047 ss.
1118 3961 1197 4030 293.

126 4068 156 4125 et
176 4061 248 4128 300.
