2654 4786
157 396 224 467 aar
685 456 718 507 aa
743 372 888 474 afim·
915 384 919 392 ’

155 566 258 633 vim
370 614 423 687 fl
591 482 787 673 damona
805 520 1029 611 -antistroplrica
1049 519 1244 587 artificiosius

230 692 234 701 .
509 648 572 715 ptr

328 690 499 905 ,aa

155 990 169 1033 r
459 1020 487 1069 Μ
501 985 588 1049 ὥρη,
609 956 638 1017 iu
661 950 761 1035 partes
783 942 896 1009 divisus
918 942 1134 1031 antistrophica
1155 943 1242 1008 habet

339 1012 491 1205 550?th
505 1058 644 1149 qmpdcata.
686 1044 862 1134 Exemplum
884 1043 1004 1110 allatum
1026 1043 1060 1131 ᾗ.
1082 1043 1157 1112 682.

264 1152 352 1245 »nid

610 1318 615 1329 ,
642 1230 677 1317 ς.
699 1228 773 1297 osc.

325 1437 377 1503 m,
403 1414 466 1475 qno
491 1381 765 1471 antistrophicorom
794 1382 982 1471 complicatio
1014 1382 1178 1465 latissime,
1211 1389 1241 1448 nt

291 1527 364 1603 Μ
380 1490 502 1582 singulae
520 1484 673 1572 strophae,
693 1485 746 1550 sed
769 1506 859 1573 saepe
881 1483 969 1549 etiam
991 1483 1077 1572 plora
1087 1505 1127 1549 ex
1141 1484 1239 1549 multis

225 1576 275 1631 ΜΕ
287 1628 327 1693 pp
349 1589 494 1684 composito
519 1590 682 1669 systemata
709 1585 757 1651 vel
789 1585 907 1650 adnexa
932 1584 1009 1667 sibi,
1037 1585 1084 1650 vel
1107 1586 1186 1650 inter
1206 1606 1238 1650 sa

213 1723 343 1811 ,primm
360 1701 423 1765 siut.

641 1853 677 1940 q.
698 1853 771 1921 oso.

266 2020 421 2095 Numquam
444 2005 523 2070 enim
545 2013 657 2071 temere
679 2015 708 2070 et
729 2007 795 2070 sine
811 2016 892 2070 certo
909 2004 1014 2070 ordine
1024 2010 1112 2093 atque
1123 2006 1237 2092 aequali

187 2114 365 2221 pr(porcione
392 2106 448 2170 hae
477 2106 682 2195 stroplr'tror'r.¹
692 2107 896 2194 copulationes
925 2105 1022 2170 factae
1049 2114 1126 2171 sunt.
1177 2106 1236 2172 Sed

183 2216 319 2293 interdum
341 2206 466 2272 difficile
488 2216 551 2290 est,
579 2208 656 2273 hanc
682 2208 890 2295 aequalitatem
918 2206 1172 2295 comparationum
1194 2208 1238 2271 in·

181 2319 284 2395 venire,
304 2316 356 2375 aut
375 2307 525 2374 inventam
544 2310 588 2374 ita
608 2308 771 2399 explicare,
794 2318 827 2374 nt
846 2308 926 2373 clare
948 2315 1098 2397 appareat.
1153 2308 1238 2382 Quod

178 2432 269 2487 nmen
290 2410 491 2475 necessarium
514 2422 575 2494 est,
602 2412 672 2498 qnia
693 2410 781 2474 aliter
802 2431 860 2474 non
882 2418 963 2473 recte
984 2410 1145 2474 constituta
1172 2431 1239 2475 esse

175 2509 385 2598 antisuophica
405 2510 593 2598 intelligitur.
636 2510 757 2598 Optima
777 2518 807 2577 et
828 2510 972 2575 facillima
992 2522 1022 2574 et
1042 2510 1239 2576 inveniendae

174 2622 202 2705 et
220 2610 468 2677 demonstrandae
489 2612 575 2678 holos
603 2612 789 2699 aequalitatis
810 2612 867 2681 via,
880 2611 955 2676 haec
976 2611 1091 2677 violetur
1113 2633 1192 2695 esse,
1212 2612 1238 2676 si

171 2710 308 2799 singulae
329 2711 469 2802 deinceps
491 2713 632 2803 strophae
653 2723 741 2801 atque
763 2712 966 2801 antistrophae
988 2733 1023 2777 eo
1042 2710 1160 2795 ordine,
1183 2735 1238 2802 quo

171 2832 237 2901 eene
258 2811 290 2875 in
313 2812 571 2902 carminequoque
593 2814 754 2903 excipiunt,
776 2815 855 2879 notis
872 2814 1046 2901 quibusdam
1058 2813 1240 2899 indicantur,

170 2913 357 3002 antistropha
382 2938 495 3003 quaque
517 2916 669 2998 eandem,
699 2936 785 3001 quam
806 2915 945 3003 stropha,
972 2924 1072 2980 notam
1100 2915 1240 2999 habente,

170 3034 280 3100 eaeque
301 3027 389 3082 notae
411 3017 529 3099 deinde,
550 3015 756 3104 quaeeaedem
769 3006 847 3098 sont,
868 3016 957 3082 lineis
967 3017 1238 3085 semicircularibus

144 3124 147 3135 ’
169 3115 404 3204 coniunguntur:
427 3141 484 3205 qua
504 3118 620 3182 ratione
640 3117 756 3205 pictura
777 3118 928 3183 enascitur
948 3118 1113 3185 luculenter
1130 3141 1238 3207 aequa-

168 3217 226 3282 lem
248 3220 374 3307 partium
397 3219 626 3309 proportionem
641 3217 880 3308 conspiciendam
902 3220 1056 3285 exhibens.

545 3369 550 3377 ’
639 3404 767 3490 §.oso

253 3556 326 3622 Fuit
354 3558 450 3621 autem
481 3560 592 3623 tantum
620 3559 651 3623 in
679 3558 776 3645 poetis
804 3558 865 3624 illis
886 3552 1015 3625 studium
1037 3556 1237 3644 aequalitatis,

168 3664 201 3724 nt
222 3659 311 3724 etiam
332 3681 525 3748 personarum
552 3659 632 3724 vices
655 3659 757 3724 eadem
779 3659 947 3748 diligentia,
969 3682 1027 3747 qua
1047 3658 1185 3746 strophas
1208 3669 1237 3725 et

169 3769 261 3827 metra
284 3761 475 3850 disponerent
497 3768 528 3825 et
547 3761 626 3824 inter
646 3760 727 3849 ipsas
756 3770 975 3849 exaequarent,
1003 3782 1079 3824 nunc
1107 3761 1138 3825 in
1161 3762 1236 3826 auti·

167 3863 290 3952 stropha
309 3863 421 3943 ,eodem
444 3862 565 3944 ordine,
594 3882 649 3948 qno
673 3862 703 3925 iu
732 3863 865 3952 stropha,
893 3883 970 3926 nunc
999 3863 1088 3927 etiam
1115 3862 1235 3929 inverso

167 3964 288 4046 ordiue3
317 3986 461 4052 quumque
487 3964 518 4028 iu
540 3961 646 4027 mediis
669 3964 805 4030 versibus
826 3970 976 4030 motantur
991 3984 1159 4050 personas,
1186 3984 1236 4029 eo·

167 4062 232 4132 dem
256 4066 410 4155 utrobique
431 4065 463 4132 in
483 4061 561 4155 pede
580 4063 723 4153 pedisque
744 4064 819 4132 loco.
869 4063 956 4134 Vnda
977 4086 1070 4154 saepe
1089 4064 1168 4130 hacc
1186 4086 1237 4132 res
