2654 4786
231 413 279 465 nn
298 411 550 467 sunoeuunvn
567 411 605 463 un
623 411 777 464 nunnae
797 410 863 466 ενι
879 409 1084 464 nrsnnuavu.
1125 389 1192 456 267,

125 571 155 626 et
177 585 203 627 v.
229 562 297 628 161.

210 694 327 762 ὕπατον
348 697 466 782 ἴρχιται
488 721 562 761 παν-

210 801 239 863 ai
259 804 379 887 βροτῷ·
402 799 455 880 ἐμὲ
476 800 509 862 δὲ
530 802 744 884 στεφανῶσαι·

126 959 156 1015 et
177 949 268 1038 P'yth.
289 950 375 1020 vui.
397 950 448 1016 63.

211 1087 245 1150 ἐκ
266 1086 405 1171 πατέριον
426 1109 495 1148 παι-

211 1189 242 1251 σ1
263 1191 356 1270 λῆμα.
378 1186 513 1267 θαέομαι
535 1188 642 1271 σαφές.

127 1339 229 1406 isthm.
252 1339 304 1405 ult.
327 1339 380 1404 23.

214 1471 404 1554 ἀτόλματον·
428 1470 493 1536 ἀλλ’
517 1474 548 1536 ἒ-

210 1578 263 1656 μοὶ
286 1578 375 1656 δεῖμα
395 1575 451 1655 μὲν
473 1570 704 1660 παροιχόμενον.

598 1777 632 1862 ς.
654 1776 728 1843 aea.

212 1929 376 1996 Praeterea
398 1930 554 1996 videndum
577 1939 633 2012 est,
655 1938 687 1995 ut
710 1951 822 2016 quoque
845 1932 874 1994 iu
898 1930 982 2012 lece,
1004 1929 1031 1995 si
1054 1953 1127 2019 opus
1149 1939 1195 1997 est

128 2030 223 2096 divino
246 2031 400 2113 venabula,
422 2053 459 2096 ea
480 2032 587 2097 divisio
603 2032 787 2114 adhibeatur,
810 2053 883 2117 qnae
902 2032 1126 2119 elegantissima
1139 2042 1195 2115 est,

127 2133 336 2218 minimamque
358 2132 555 2198 offensionem
577 2133 675 2198 habet.
725 2133 791 2206 Qua
818 2132 849 2195 iu
880 2154 913 2196 re
942 2132 1062 2197 muitum
1090 2133 1196 2217 refert,

128 2233 331 2315 considerare,
353 2256 438 2319 quam
460 2243 541 2299 arete
562 2257 642 2299 nexa
662 2235 724 2299 sint
745 2235 885 2299 membra.
915 2235 991 2298 Nam
1014 2235 1042 2298 si
1064 2235 1106 2298 ita
1127 2241 1196 2299 sunt

128 2335 295 2417 coniuncta,
317 2342 349 2399 nt
370 2336 490 2422 singula
511 2344 592 2400 recte
613 2358 703 2401 unum
725 2357 842 2400 versum
866 2336 1055 2418 constituant,
1077 2336 1097 2400 i.
1112 2358 1137 2400 e.
1154 2342 1195 2418 ut,

128 2436 260 2524 quamvis
283 2437 462 2502 cohaereant
483 2459 547 2502 cum
568 2437 628 2502 alie
651 2438 802 2518 membro,
830 2445 927 2500 tamen
949 2458 1057 2524 perse
1079 2436 1196 2501 absulu-

128 2551 188 2602 tum
212 2537 357 2624 quoddam
379 2559 414 2603 ac
435 2546 526 2603 tetum
549 2540 725 2626 praebeant,
756 2537 846 2603 multe
869 2537 967 2601 minor
989 2558 1130 2619 concessa
1151 2544 1197 2602 est

128 2637 262 2721 libertas,
284 2661 369 2726 quam
392 2661 477 2726 quum
501 2639 609 2704 arctius
632 2661 719 2721 nera,
741 2661 801 2704 non
824 2639 889 2703 sula
909 2661 964 2727 per
985 2661 1029 2721 se,
1050 2639 1103 2703 sed
1127 2661 1196 2704 ceu·

128 2739 280 2804 iunctione
302 2763 355 2805 sua
377 2763 442 2805 eum
464 2739 532 2804 aliis
554 2747 644 2804 totum
658 2736 777 2826 aliquod
796 2739 938 2806 efficiunt.
960 2740 1098 2825 veillae,
1119 2740 1195 2828 qued

131 2843 218 2906 modo
241 2863 279 2905 ex
300 2841 390 2907 Pina.
414 2840 462 2906 01.
480 2839 509 2905 l.
531 2839 738 2924 afferebamuS,
765 2836 767 2843 '

214 2973 267 3040 ἅτε
290 2975 447 3060 διαπρέπει
469 2976 579 3040 νο-κτ1
600 2972 766 3061 μεγάνορος
787 2972 878 3059 ἔξοχα
900 2971 1043 3054 πλούτου,

131 3128 199 3216 qnia
220 3126 294 3192 haee
315 3150 402 3192 unum
425 3149 541 3192 versum
565 3128 687 3209 iaciunt,
708 3128 846 3195 idoneam
863 3130 1084 3194 excusationem
1098 3128 1196 3211 habet,
1274 3211 1276 3213 ‚

131 3251 187 3315 qua
210 3235 336 3312 careret,
357 3229 383 3293 si
407 3228 463 3294 dua
485 3230 582 3316 petius
604 3252 710 3295 versus
732 3237 843 3312 essent,

230 3363 517 3432 υυυΔυ--Ιυυέ
524 3380 718 3418 υυυυυυυυ

130 3498 215 3566 Male
236 3520 307 3564 vere
329 3501 460 3565 membra
481 3500 525 3564 sic
547 3499 812 3588 distinguerentur,

231 3633 718 3704 υυυέυ-Ιέυυ-υυέυυ--

132 3790 189 3835 nen
212 3769 308 3834 solum
331 3771 400 3856 quia
421 3771 574 3859 propertio
597 3772 671 3835 haee
693 3771 888 3834 membrorum
905 3791 1008 3858 parum
1026 3773 1196 3859 aptaseret,

131 3871 183 3936 ned
207 3871 295 3934 etiam
324 3871 392 3958 quia
421 3871 580 3959 pleraeque
608 3875 752 3961 strophae·
775 3873 807 3935 in
828 3871 953 3957 septima
974 3872 1089 3958 syllaba
1109 3894 1198 3938 veca-

131 3971 230 4037 bulum
251 3972 365 4037 finitum
387 3973 503 4038 habent.
547 3972 693 4038 Similiter
714 3973 745 4037 iu
767 3972 820 4036 iliu
845 3972 933 4059 Pyuh.
955 3972 1040 4041 Vidi.

216 4105 249 4170 ἐκ
271 4106 410 4190 πατέριον
431 4109 516 4172 παισὶ
539 4112 639 4191 λῆμα·
659 4106 794 4187 θαέομαι
817 4105 923 4190 σαφές,
