2654 4786
348 1276 929 1477 aramma

519 1634 629 1642 Ἀήρ.
634 1635 776 1642 ——-——-..

541 1805 678 1880 our.
708 1808 751 1879 1.
815 1902 817 1909 s

413 1944 494 2017 De
560 1970 875 2023 numero.

601 2128 637 2215 ς.
666 2130 696 2196 1.

195 2213 407 2331 Doctrina
429 2265 586 2338 metrica
607 2273 654 2330 est
674 2265 802 2333 scientia
822 2273 992 2331 metrorum.
1025 2264 1187 2332 Mettum

110 2377 159 2434 est
179 2367 275 2433 series
296 2373 459 2456 temporum
480 2373 590 2433 certam
611 2386 778 2432 mensurum
798 2366 977 2435 habentium.

602 2535 636 2621 ς.
665 2535 696 2601 2.

197 2672 384 2737 Numerus
405 2679 452 2737 est
464 2671 601 2739 ordinata
617 2672 768 2738 successio
791 2681 965 2761 temporum.
987 2672 1027 2738 Ei
1040 2673 1071 2738 in
1089 2673 1188 2762 spatio

113 2773 276 2861 respondet
298 2774 533 2862 symmetria,
561 2795 637 2861 qnae
664 2782 711 2839 est
738 2775 901 2862 spatiorum
927 2774 1067 2840 ordinatu
1093 2775 1189 2840 conti·

114 2875 223 2941 unitos.
266 2874 368 2962 ltaque
390 2876 505 2941 numeri
526 2874 649 2964 propriu
670 2883 739 2940 sunt
760 2884 923 2964 tempora,-
941 2895 1101 2961 eorumque
1122 2894 1188 2939 suc·

114 2977 227 3056 cossio;
248 2976 451 3064 symmetriae,
472 2978 586 3066 spatia,
607 2996 766 3062 eorumque
788 2977 977 3042 continuitas.
1020 2973 1186 3042 Commune

114 3079 267 3145 amborum
289 3079 362 3145 ordo
385 3086 443 3162 est,
463 3080 513 3165 qni
535 3088 582 3145 est
601 3077 757 3166 dispositio
780 3078 817 3144 ad
840 3076 938 3165 tegent
955 3076 1084 3165 aliquam
1100 3076 1191 3165 iectu·

608 3246 643 3332 ς.
670 3247 701 3313 3.

202 3384 279 3449 Eam
300 3382 398 3472 legem
421 3404 546 3450 necesse
563 3391 609 3449 est
630 3381 856 3448 obiectivam
877 3403 958 3466 esse,
980 3382 1000 3448 i.
1023 3396 1050 3448 o'.
1071 3382 1103 3446 in
1125 3382 1192 3471 ipsu

116 3484 321 3575 successionis
343 3493 374 3550 et
393 3485 599 3551 continuitatis
614 3493 720 3551 natura
729 3483 867 3572 positam,
887 3483 956 3571 quia
977 3484 1193 3550 subiective

117 3589 188 3670 tex,
211 3587 231 3652 i.
254 3609 281 3653 e.
304 3607 378 3674 quae
401 3608 417 3651 e
439 3608 530 3651 sensu
552 3586 849 3653 animadvertentium
871 3586 1031 3674 penderet,
1053 3585 1192 3672 quoniam

117 3690 179 3755 sibi
198 3711 258 3755 non
280 3696 444 3771 constaret,
466 3710 504 3754 ne
526 3688 630 3753 haberi
651 3687 767 3775 quidem
788 3707 844 3776 pro
865 3688 935 3774 lege
957 3694 1068 3775 posset.
1111 3685 1190 3750 Esse

120 3798 220 3856 autem
253 3790 352 3878 legem
382 3790 510 3877 aliquam
536 3788 711 3856 obiectivam
739 3797 769 3855 et
788 3788 906 3854 numeri
933 3798 963 3854 et
991 3786 1193 3875 symmetriae,

120 3913 162 3957 ex
191 3913 227 3958 eo
255 3900 390 3982 apertum
417 3899 479 3974 est,
510 3891 586 3977 quod
619 3913 694 3979 quae
719 3901 884 3980 temporum
910 3891 1111 3978 spatiorumve
1141 3887 1193 3953 de·

122 3993 247 4082 scriptio
274 3995 389 4059 hubent·
403 4015 556 4059 numerum
576 3994 833 4081 symmetriamve‚
863 3992 977 4081 pantes
1002 3997 1105 4055 omues
1126 3988 1194 4055 sine

120 4093 387 4189 dissensusponte
407 4095 586 4183 intelligunt

990 4194 1005 4246 l
