2654 4786
171 358 236 428 286
294 398 297 403 »
346 375 468 426 ..πη
525 377 658 434 6666666.
691 376 885 431 6666666666.
938 392 941 397 ·

171 525 383 610 ἀπολελυμένα
404 535 489 612 sunt,
515 528 571 594 sed
597 527 781 616 lrequontins
810 524 1026 614 antistrophica
1045 522 1242 590 666116616ιί66

50 654 63 667 ·
170 626 327 719 disposita.

641 795 676 881 6.
697 795 771 862 666.

254 947 339 1014 Raro
361 948 443 1014 solus
465 948 572 1014 chorus
600 949 632 1013 in
659 957 759 1037 partes
782 947 894 1014 divisos
915 946 1131 1034 antistrophica
1152 945 1242 1012 hahet

171 1047 333 1116 artificioso
356 1049 460 1115 ordine
482 1050 641 1139 implicata.
685 1049 861 1138 Exemplum
882 1048 1002 1115 allatum
1023 1048 1059 1134 6.
1080 1046 1154 1114 682.

608 1324 613 1335 ¹
641 1236 676 1323 6.
698 1233 771 1301 oen.

254 1388 346 1452 Patet
381 1385 455 1450 haec
485 1385 763 1477 antistrophicorum
793 1386 980 1475 complicatio
1012 1385 1176 1468 latissime,
1209 1393 1242 1452 ut

170 1510 229 1554 non
251 1488 339 1553 modo
360 1487 499 1573 singulae
520 1489 671 1577 strophae,
692 1488 744 1554 sed
767 1509 857 1577 saepe
879 1487 968 1552 etiam
989 1487 1075 1575 61666
1084 1509 1125 1552 ex
1139 1486 1240 1553 multis

170 1589 302 1678 strophis
329 1589 492 1677 composita
519 1599 681 1676 systemata
708 1589 755 1654 vel
788 1590 904 1654 adnexa
930 1585 1007 1670 sihi,
1035 1588 1240 1655 6611666666

46 1733 51 1740 ·
170 1690 327 1756 coniuncta
348 1691 418 1755 sint.

640 1857 675 1943 6.
696 1857 769 1924 ees.

254 2011 419 2098 Numquam
443 2011 522 2075 enim
544 2018 655 2074 temere
677 2018 707 2075 et
727 2010 793 2074 sine
809 2018 890 2073 certo
907 2007 1012 2073 ordine
1022 2014 1110 2096 atque
1120 2009 1238 2096 aequali

169 2113 363 2202 proportione
391 2112 447 2176 hae
475 2110 895 2199 stroplumtr'J-:eoanhdonns
922 2109 1020 2174 factae
1047 2116 1124 2173 sunt.
1175 2109 1237 2174 Sed

170 2213 316 2280 interdum
339 2212 464 2278 difficile
486 2220 549 2295 est,
576 2212 654 2277 hanc
680 2211 887 2299 aequalitatem
916 2209 1170 2299 comparationum
1191 2209 1238 2275 in·

168 2317 281 2397 venire,
302 2323 354 2380 ant
373 2314 523 2379 inuentam
542 2312 586 2378 ita
598 2311 769 2402 explicare,
784 2321 825 2377 ¹ut
844 2311 924 2376 clare
946 2318 1111 2400 66666666·
1151 2311 1238 2386 Quod

168 2425 267 2480 tamen
288 2417 490 2480 necessarium
512 2427 573 2498 est,
601 2416 670 2501 quia
691 2413 779 2478 aliter
800 2434 858 2478 non
880 2421 961 2477 recte
983 2412 1143 2477 constituta
1170 2433 1238 2477 esse

168 2515 383 2604 antistrophica
403 2464 591 2602 intelligitui.
634 2512 756 2602 Optima
775 2521 805 2578 et
825 2512 970 2578 facillima
990 2525 1020 2577 66
1040 2513 1238 2579 inveniendae

168 2624 207 2707 66
220 2616 466 2701 demonstrandae
487 2616 573 2682 huius
593 2616 835 2704 aequalitatis
808 2637 865 2688 666
878 2615 955 2679 haec
974 2613 1089 2711 videtur
1102 2636 1191 2698 esse,
1211 2615 1238 2680 si

168 2717 306 2806 singulae
328 2696 468 2834 deinceps
490 2703 630 2808 strophae
652 2727 739 2806 atque
761 2704 988 2811 666166666166
987 2706 1021 2781 66
1028 2706 1159 2807 ordine,
1168 2738 1237 2815 quo

168 2840 237 2907 sese
258 2820 289 2882 in
313 2841 443 2886 carmine
455 2840 568 2910 qnoque
591 2819 753 2907 excipiunt,
774 2819 853 2911 notis
871 2806 1043 2911 quibusdam
1056 2804 1239 2909 1611666666,

168 2921 356 3009 antistropha
380 2943 494 3008 quaque
515 2919 667 3015 eamdem,
698 2940 784 3006 quam
805 2919 944 3016 stropha,
970 2928 1071 2984 notam
1098 2919 1240 3002 habente,

168 3044 279 3109 eaeque
300 3032 388 3086 notae
410 3021 528 3104 deiude,
548 3010 845 3108 qnaeeaedemsunt,
866 3004 1237 3117 lineqsscuricirrnlarihns

141 3127 143 3136 '
168 3124 403 3210 coniunguntur:
425 3144 482 3210 qua
503 3122 618 3186 ratione
639 3121 755 3209 6166666
776 3100 928 3187 enascitur
934 3104 1112 3188 luculenter
1129 3144 1237 3210 aequa·

167 3223 225 3288 lem
247 3225 374 3313 partium
395 3224 624 3312 proportionem
640 3222 878 3320 conspiciendam
901 3223 1055 3288 exhibens.

544 3373 766 3535 ‘soso
851 3438 856 3455 1-

252 3560 325 3626 Fuit
352 3559 449 3625 autem
480 3558 650 3628 6666616616
678 3560 782 3650 poetis
790 3548 864 3650 illis
884 3554 1014 3652 studium
1021 3541 1236 3651 aequalitatis,

168 3670 199 3729 ut
220 3663 309 3728 etiam
331 3685 524 3751 personarum
550 3658 631 3728 61666
653 3663 755 3728 eadenr
778 3662 946 3753 diligentia,
968 3685 1025 3751 qna
1045 3661 1184 3778 strophas
1207 3671 1236 3728 et

166 3773 260 3830 metra
282 3765 474 3853 disponerent
496 3772 526 3830 et
547 3765 624 3829 16666
645 3764 726 3854 ipsas
755 3773 974 3853 exaequarent,
1002 3785 1078 3828 nunc
1106 3763 1137 3829 in
1160 3765 1235 3830 anti-

166 3867 289 3955 stropha
308 3866 419 3949 ³eodem
443 3867 564 3948 ordine,
592 3887 648 3952 qno
672 3865 701 3930 16
730 3867 864 3956 stropha,
892 3887 970 3930 nnnc
997 3866 1086 3930 etiam
1113 3865 1234 3932 inverso

165 3966 287 4049 ordine3
315 3989 459 4055 quumque
486 3968 517 4032 in
539 3965 645 4032 radiis
668 3968 805 4034 6666116666
824 3975 974 4033 mutantur
990 3987 1159 4054 personae,
1185 3988 1234 4032 eo·

165 4067 238 4135 dem·
254 4070 409 4157 ntrohiqne
430 4069 462 4136 in
482 4066 722 4159 pede·pedisque
743 4069 818 4136 leco.
868 4067 955 4139 vsu
976 4068 1236 4157 saepehaec-res
