<?xml version="1.0" encoding="UTF-8"?>
<!DOCTYPE html PUBLIC "-//W3C//DTD XHTML 1.0 Transitional//EN"
    "http://www.w3.org/TR/xhtml1/DTD/xhtml1-transitional.dtd">
<html xmlns="http://www.w3.org/1999/xhtml" xml:lang="en" lang="en">
 <head>
  <title>
</title>
<meta http-equiv="Content-Type" content="text/html;charset=utf-8" />
  <meta name='ocr-system' content='tesseract 3.04.00' />
  <meta name='ocr-capabilities' content='ocr_page ocr_carea ocr_par ocr_line ocrx_word'/>
</head>
<body>
  <div class='ocr_page' id='page_1' title='image "./epitomedoctrina00harmgoog_0017.png"; bbox 0 0 2654 4786; ppageno 0'>
   <div class='ocr_carea' id='block_1_1' title="bbox 142 373 781 431">
    <p class='ocr_par' dir='ltr' id='par_1_1' title="bbox 142 373 781 431">
     <span class='ocr_line' id='line_1_1' title="bbox 142 373 781 431; baseline 0.005 -7"><span class='ocrx_word' id='word_1_1' title='bbox 142 379 204 425; x_wconf 80' lang='lat' dir='ltr'><strong>vul</strong></span> <span class='ocrx_word' id='word_1_2' title='bbox 563 373 781 431; x_wconf 70' lang='lat' dir='ltr'><strong>pannulum.</strong></span> 
     </span>
    </p>
   </div>
   <div class='ocr_carea' id='block_1_2' title="bbox 141 525 1281 4042">
    <p class='ocr_par' dir='ltr' id='par_1_2' title="bbox 141 525 1209 860">
     <span class='ocr_line' id='line_1_2' title="bbox 141 525 1209 624; baseline -0.002 -24"><span class='ocrx_word' id='word_1_3' title='bbox 141 530 273 602; x_wconf 68' lang='lat' dir='ltr'><strong>tamem</strong></span> <span class='ocrx_word' id='word_1_4' title='bbox 305 534 340 599; x_wconf 86' lang='lat' dir='ltr'><strong>et</strong></span> <span class='ocrx_word' id='word_1_5' title='bbox 371 528 551 624; x_wconf 71' lang='lat' dir='ltr'><strong>scopulos</strong></span> <span class='ocrx_word' id='word_1_6' title='bbox 582 525 818 623; x_wconf 84' lang='lat' dir='ltr'><strong>pronuntiant,</strong></span> <span class='ocrx_word' id='word_1_7' title='bbox 854 548 937 621; x_wconf 88' lang='lat' dir='ltr'><strong>quae</strong></span> <span class='ocrx_word' id='word_1_8' title='bbox 971 525 1132 598; x_wconf 84' lang='lat' dir='ltr'><strong>voeabula</strong></span> <span class='ocrx_word' id='word_1_9' title='bbox 1157 525 1209 598; x_wconf 88' lang='lat' dir='ltr'><strong>sio</strong></span> 
     </span>
     <span class='ocr_line' id='line_1_3' title="bbox 141 641 1209 743; baseline -0.003 -25"><span class='ocrx_word' id='word_1_10' title='bbox 141 643 340 743; x_wconf 85' lang='lat' dir='ltr'><strong>proferenda</strong></span> <span class='ocrx_word' id='word_1_11' title='bbox 364 652 462 736; x_wconf 86' lang='lat' dir='ltr'><strong>sunt,</strong></span> <span class='ocrx_word' id='word_1_12' title='bbox 495 652 533 716; x_wconf 91' lang='lat' dir='ltr'><strong>ut</strong></span> <span class='ocrx_word' id='word_1_13' title='bbox 559 641 657 717; x_wconf 87' lang='lat' dir='ltr'><strong>simul</strong></span> <span class='ocrx_word' id='word_1_14' title='bbox 673 644 853 739; x_wconf 84' lang='lat' dir='ltr'><strong>utriusque</strong></span> <span class='ocrx_word' id='word_1_15' title='bbox 878 642 1007 715; x_wconf 88' lang='lat' dir='ltr'><strong>numeri</strong></span> <span class='ocrx_word' id='word_1_16' title='bbox 1031 644 1118 715; x_wconf 88' lang='lat' dir='ltr'><strong>ictus</strong></span> <span class='ocrx_word' id='word_1_17' title='bbox 1144 667 1209 715; x_wconf 88' lang='lat' dir='ltr'><strong>au·</strong></span> 
     </span>
     <span class='ocr_line' id='line_1_4' title="bbox 143 760 663 860; baseline -0.002 -23"><span class='ocrx_word' id='word_1_18' title='bbox 143 760 265 855; x_wconf 81' lang='lat' dir='ltr'><strong>diatur,</strong></span> <span class='ocrx_word' id='word_1_19' title='bbox 291 761 444 853; x_wconf 70' lang='lat' dir='ltr'><strong>tamea,</strong></span> <span class='ocrx_word' id='word_1_20' title='bbox 470 763 663 860; x_wconf 69' lang='lat' dir='ltr'><strong>sonipedis.</strong></span> 
     </span>
    </p>

    <p class='ocr_par' dir='ltr' id='par_1_3' title="bbox 141 877 1281 4042">
     <span class='ocr_line' id='line_1_5' title="bbox 151 877 1210 976; baseline -0.008 -17"><span class='ocrx_word' id='word_1_21' title='bbox 151 957 153 959; x_wconf 74' lang='grc'>,</span> <span class='ocrx_word' id='word_1_22' title='bbox 239 881 400 954; x_wconf 83' lang='lat' dir='ltr'><strong>-Tertium</strong></span> <span class='ocrx_word' id='word_1_23' title='bbox 420 879 588 976; x_wconf 86' lang='lat' dir='ltr'><strong>denique,</strong></span> <span class='ocrx_word' id='word_1_24' title='bbox 617 879 663 951; x_wconf 90' lang='lat' dir='ltr'><strong>de</strong></span> <span class='ocrx_word' id='word_1_25' title='bbox 696 904 762 975; x_wconf 92' lang='lat' dir='ltr'><strong>quo</strong></span> <span class='ocrx_word' id='word_1_26' title='bbox 794 877 1017 951; x_wconf 84' lang='lat' dir='ltr'><strong>admonendos</strong></span> <span class='ocrx_word' id='word_1_27' title='bbox 1042 885 1123 974; x_wconf 92' lang='lat' dir='ltr'><strong>puto</strong></span> <span class='ocrx_word' id='word_1_28' title='bbox 1149 902 1210 950; x_wconf 89' lang='lat' dir='ltr'><strong>eos</strong></span> 
     </span>
     <span class='ocr_line' id='line_1_6' title="bbox 143 996 1210 1097; baseline -0.003 -26"><span class='ocrx_word' id='word_1_29' title='bbox 143 1000 200 1097; x_wconf 92' lang='lat' dir='ltr'><strong>qui</strong></span> <span class='ocrx_word' id='word_1_30' title='bbox 224 1007 316 1073; x_wconf 86' lang='lat' dir='ltr'><strong>recte</strong></span> <span class='ocrx_word' id='word_1_31' title='bbox 342 1021 545 1095; x_wconf 86' lang='lat' dir='ltr'><strong>cognoscere</strong></span> <span class='ocrx_word' id='word_1_32' title='bbox 577 1022 647 1071; x_wconf 88' lang='lat' dir='ltr'><strong>rem</strong></span> <span class='ocrx_word' id='word_1_33' title='bbox 679 998 848 1069; x_wconf 86' lang='lat' dir='ltr'><strong>metricam</strong></span> <span class='ocrx_word' id='word_1_34' title='bbox 880 997 1017 1086; x_wconf 89' lang='lat' dir='ltr'><strong>volunt,</strong></span> <span class='ocrx_word' id='word_1_35' title='bbox 1053 996 1120 1068; x_wconf 85' lang='lat' dir='ltr'><strong>lnoo</strong></span> <span class='ocrx_word' id='word_1_36' title='bbox 1143 1003 1210 1087; x_wconf 84' lang='lat' dir='ltr'><strong>est,</strong></span> 
     </span>
     <span class='ocr_line' id='line_1_7' title="bbox 142 1114 1210 1212; baseline -0.003 -24"><span class='ocrx_word' id='word_1_37' title='bbox 142 1125 180 1191; x_wconf 87' lang='lat' dir='ltr'><strong>ut</strong></span> <span class='ocrx_word' id='word_1_38' title='bbox 206 1118 355 1208; x_wconf 80' lang='lat' dir='ltr'><strong>discant,</strong></span> <span class='ocrx_word' id='word_1_39' title='bbox 392 1116 448 1212; x_wconf 95' lang='lat' dir='ltr'><strong>qui</strong></span> <span class='ocrx_word' id='word_1_40' title='bbox 474 1139 605 1212; x_wconf 88' lang='lat' dir='ltr'><strong>quoqne</strong></span> <span class='ocrx_word' id='word_1_41' title='bbox 630 1117 665 1186; x_wconf 93' lang='lat' dir='ltr'><strong>in</strong></span> <span class='ocrx_word' id='word_1_42' title='bbox 690 1139 814 1211; x_wconf 88' lang='lat' dir='ltr'><strong>genero</strong></span> <span class='ocrx_word' id='word_1_43' title='bbox 840 1115 994 1186; x_wconf 74' lang='lat' dir='ltr'>carminis</span> <span class='ocrx_word' id='word_1_44' title='bbox 1019 1120 1055 1186; x_wconf 86' lang='lat' dir='ltr'><strong>et</strong></span> <span class='ocrx_word' id='word_1_45' title='bbox 1076 1114 1210 1209; x_wconf 68' lang='lat' dir='ltr'><strong>‘quoqne</strong></span> 
     </span>
     <span class='ocr_line' id='line_1_8' title="bbox 141 1229 1211 1332; baseline -0.002 -27"><span class='ocrx_word' id='word_1_46' title='bbox 141 1235 177 1307; x_wconf 90' lang='lat' dir='ltr'><strong>in</strong></span> <span class='ocrx_word' id='word_1_47' title='bbox 202 1237 278 1308; x_wconf 88' lang='lat' dir='ltr'><strong>loco</strong></span> <span class='ocrx_word' id='word_1_48' title='bbox 302 1234 430 1327; x_wconf 86' lang='lat' dir='ltr'><strong>usitati,</strong></span> <span class='ocrx_word' id='word_1_49' title='bbox 457 1242 492 1306; x_wconf 91' lang='lat' dir='ltr'><strong>et</strong></span> <span class='ocrx_word' id='word_1_50' title='bbox 516 1233 606 1332; x_wconf 89' lang='lat' dir='ltr'><strong>apti,</strong></span> <span class='ocrx_word' id='word_1_51' title='bbox 632 1241 668 1306; x_wconf 88' lang='lat' dir='ltr'><strong>et</strong></span> <span class='ocrx_word' id='word_1_52' title='bbox 693 1232 771 1304; x_wconf 89' lang='lat' dir='ltr'><strong>boni</strong></span> <span class='ocrx_word' id='word_1_53' title='bbox 795 1233 923 1303; x_wconf 89' lang='lat' dir='ltr'><strong>numeri</strong></span> <span class='ocrx_word' id='word_1_54' title='bbox 947 1231 1028 1304; x_wconf 85' lang='lat' dir='ltr'><strong>sint.</strong></span> <span class='ocrx_word' id='word_1_55' title='bbox 1077 1229 1119 1302; x_wconf 95' lang='lat' dir='ltr'><strong>In</strong></span> <span class='ocrx_word' id='word_1_56' title='bbox 1145 1254 1211 1327; x_wconf 84' lang='lat' dir='ltr'><strong>qua</strong></span> 
     </span>
     <span class='ocr_line' id='line_1_9' title="bbox 143 1348 1210 1447; baseline -0.005 -22"><span class='ocrx_word' id='word_1_57' title='bbox 143 1377 182 1425; x_wconf 88' lang='lat' dir='ltr'><strong>re</strong></span> <span class='ocrx_word' id='word_1_58' title='bbox 208 1353 273 1425; x_wconf 89' lang='lat' dir='ltr'><strong>etsi</strong></span> <span class='ocrx_word' id='word_1_59' title='bbox 298 1352 396 1444; x_wconf 85' lang='lat' dir='ltr'><strong>illud,</strong></span> <span class='ocrx_word' id='word_1_60' title='bbox 423 1351 633 1447; x_wconf 90' lang='lat' dir='ltr'><strong>quodmodo</strong></span> <span class='ocrx_word' id='word_1_61' title='bbox 659 1349 820 1442; x_wconf 85' lang='lat' dir='ltr'><strong>dicebam,</strong></span> <span class='ocrx_word' id='word_1_62' title='bbox 846 1350 987 1446; x_wconf 93' lang='lat' dir='ltr'><strong>primum</strong></span> <span class='ocrx_word' id='word_1_63' title='bbox 1012 1372 1086 1420; x_wconf 88' lang='lat' dir='ltr'><strong>esse</strong></span> <span class='ocrx_word' id='word_1_64' title='bbox 1099 1348 1210 1441; x_wconf 80' lang='lat' dir='ltr'><strong>debet,</strong></span> 
     </span>
     <span class='ocr_line' id='line_1_10' title="bbox 141 1465 1210 1567; baseline -0.003 -26"><span class='ocrx_word' id='word_1_65' title='bbox 141 1477 180 1543; x_wconf 91' lang='lat' dir='ltr'><strong>ut</strong></span> <span class='ocrx_word' id='word_1_66' title='bbox 204 1470 279 1566; x_wconf 91' lang='lat' dir='ltr'><strong>quis</strong></span> <span class='ocrx_word' id='word_1_67' title='bbox 304 1494 459 1543; x_wconf 89' lang='lat' dir='ltr'><strong>numeros</strong></span> <span class='ocrx_word' id='word_1_68' title='bbox 484 1478 518 1543; x_wconf 91' lang='lat' dir='ltr'><strong>et</strong></span> <span class='ocrx_word' id='word_1_69' title='bbox 543 1470 683 1541; x_wconf 86' lang='lat' dir='ltr'><strong>firmiter</strong></span> <span class='ocrx_word' id='word_1_70' title='bbox 706 1468 944 1567; x_wconf 86' lang='lat' dir='ltr'><strong>pronuntiare,</strong></span> <span class='ocrx_word' id='word_1_71' title='bbox 971 1473 1006 1540; x_wconf 91' lang='lat' dir='ltr'><strong>et</strong></span> <span class='ocrx_word' id='word_1_72' title='bbox 1031 1465 1210 1539; x_wconf 84' lang='lat' dir='ltr'><strong>seeundum</strong></span> 
     </span>
     <span class='ocr_line' id='line_1_11' title="bbox 144 1588 1210 1684; baseline -0.005 -23"><span class='ocrx_word' id='word_1_73' title='bbox 144 1588 277 1661; x_wconf 80' lang='lat' dir='ltr'><strong>ordines</strong></span> <span class='ocrx_word' id='word_1_74' title='bbox 304 1612 464 1684; x_wconf 84' lang='lat' dir='ltr'><strong>quemque</strong></span> <span class='ocrx_word' id='word_1_75' title='bbox 490 1613 569 1661; x_wconf 89' lang='lat' dir='ltr'><strong>suos</strong></span> <span class='ocrx_word' id='word_1_76' title='bbox 594 1588 758 1678; x_wconf 87' lang='lat' dir='ltr'><strong>recitare,</strong></span> <span class='ocrx_word' id='word_1_77' title='bbox 785 1592 820 1658; x_wconf 89' lang='lat' dir='ltr'><strong>et</strong></span> <span class='ocrx_word' id='word_1_78' title='bbox 845 1608 977 1659; x_wconf 84' lang='lat' dir='ltr'><strong>sensnm</strong></span> <span class='ocrx_word' id='word_1_79' title='bbox 1013 1608 1093 1657; x_wconf 81' lang='lat' dir='ltr'><strong>voce</strong></span> <span class='ocrx_word' id='word_1_80' title='bbox 1117 1593 1210 1656; x_wconf 87' lang='lat' dir='ltr'><strong>recte</strong></span> 
     </span>
     <span class='ocr_line' id='line_1_12' title="bbox 144 1702 1211 1803; baseline -0.003 -25"><span class='ocrx_word' id='word_1_81' title='bbox 144 1706 331 1803; x_wconf 79' lang='lat' dir='ltr'><strong>exprimere</strong></span> <span class='ocrx_word' id='word_1_82' title='bbox 365 1707 467 1778; x_wconf 83' lang='lat' dir='ltr'><strong>sciat:</strong></span> <span class='ocrx_word' id='word_1_83' title='bbox 501 1713 611 1779; x_wconf 88' lang='lat' dir='ltr'><strong>tamen</strong></span> <span class='ocrx_word' id='word_1_84' title='bbox 651 1704 693 1775; x_wconf 90' lang='lat' dir='ltr'><strong>ad</strong></span> <span class='ocrx_word' id='word_1_85' title='bbox 733 1704 799 1776; x_wconf 87' lang='lat' dir='ltr'><strong>hoo</strong></span> <span class='ocrx_word' id='word_1_86' title='bbox 829 1703 899 1777; x_wconf 86' lang='lat' dir='ltr'><strong>alia</strong></span> <span class='ocrx_word' id='word_1_87' title='bbox 935 1703 1035 1777; x_wconf 87' lang='lat' dir='ltr'><strong>etiam</strong></span> <span class='ocrx_word' id='word_1_88' title='bbox 1074 1702 1211 1776; x_wconf 86' lang='lat' dir='ltr'><strong>accedat</strong></span> 
     </span>
     <span class='ocr_line' id='line_1_13' title="bbox 144 1803 1228 1920; baseline -0.001 -26"><span class='ocrx_word' id='word_1_89' title='bbox 144 1823 341 1897; x_wconf 82' lang='lat' dir='ltr'><strong>exercitatio</strong></span> <span class='ocrx_word' id='word_1_90' title='bbox 368 1803 513 1920; x_wconf 83' lang='lat' dir='ltr'><strong>oportet,</strong></span> <span class='ocrx_word' id='word_1_91' title='bbox 540 1822 685 1918; x_wconf 89' lang='lat' dir='ltr'><strong>quaein</strong></span> <span class='ocrx_word' id='word_1_92' title='bbox 710 1845 751 1894; x_wconf 94' lang='lat' dir='ltr'><strong>eo</strong></span> <span class='ocrx_word' id='word_1_93' title='bbox 778 1829 930 1894; x_wconf 83' lang='lat' dir='ltr'><strong>versatur</strong></span> <span class='ocrx_word' id='word_1_94' title='bbox 954 1827 993 1892; x_wconf 90' lang='lat' dir='ltr'><strong>ut</strong></span> <span class='ocrx_word' id='word_1_95' title='bbox 1017 1820 1090 1915; x_wconf 82' lang='lat' dir='ltr'><strong>quis</strong></span> <span class='ocrx_word' id='word_1_96' title='bbox 1107 1821 1228 1893; x_wconf 78' lang='lat' dir='ltr'><strong>multa·</strong></span> 
     </span>
     <span class='ocr_line' id='line_1_14' title="bbox 144 1936 1281 2037; baseline -0.003 -25"><span class='ocrx_word' id='word_1_97' title='bbox 144 1941 363 2037; x_wconf 88' lang='lat' dir='ltr'><strong>diutnmaque</strong></span> <span class='ocrx_word' id='word_1_98' title='bbox 388 1941 545 2033; x_wconf 86' lang='lat' dir='ltr'><strong>lectione,</strong></span> <span class='ocrx_word' id='word_1_99' title='bbox 571 1939 651 2037; x_wconf 94' lang='lat' dir='ltr'><strong>qnid</strong></span> <span class='ocrx_word' id='word_1_100' title='bbox 676 1941 846 2036; x_wconf 89' lang='lat' dir='ltr'><strong>proprium</strong></span> <span class='ocrx_word' id='word_1_101' title='bbox 871 1937 1028 2033; x_wconf 78' lang='lat' dir='ltr'><strong>cuiusque</strong></span> <span class='ocrx_word' id='word_1_102' title='bbox 1054 1936 1109 2010; x_wconf 83' lang='lat' dir='ltr'><strong>vol</strong></span> <span class='ocrx_word' id='word_1_103' title='bbox 1122 1939 1209 2030; x_wconf 86' lang='lat' dir='ltr'><strong>aevi,</strong></span> <span class='ocrx_word' id='word_1_104' title='bbox 1279 1945 1281 1947; x_wconf 75' lang='grc'><strong><em>’</em></strong></span> 
     </span>
     <span class='ocr_line' id='line_1_15' title="bbox 146 2054 1210 2156; baseline -0.003 -24"><span class='ocrx_word' id='word_1_105' title='bbox 146 2058 199 2131; x_wconf 82' lang='lat' dir='ltr'><strong>vel</strong></span> <span class='ocrx_word' id='word_1_106' title='bbox 224 2059 391 2132; x_wconf 87' lang='lat' dir='ltr'><strong>scribendi</strong></span> <span class='ocrx_word' id='word_1_107' title='bbox 415 2058 562 2156; x_wconf 90' lang='lat' dir='ltr'><strong>generis,</strong></span> <span class='ocrx_word' id='word_1_108' title='bbox 587 2057 642 2131; x_wconf 78' lang='lat' dir='ltr'><strong>rel</strong></span> <span class='ocrx_word' id='word_1_109' title='bbox 666 2065 806 2156; x_wconf 88' lang='lat' dir='ltr'><strong>poetae,</strong></span> <span class='ocrx_word' id='word_1_110' title='bbox 841 2056 896 2129; x_wconf 81' lang='lat' dir='ltr'><strong>uel</strong></span> <span class='ocrx_word' id='word_1_111' title='bbox 920 2054 1075 2129; x_wconf 73' lang='lat' dir='ltr'><strong>carminis</strong></span> <span class='ocrx_word' id='word_1_112' title='bbox 1100 2055 1210 2129; x_wconf 79' lang='lat' dir='ltr'><strong>locive</strong></span> 
     </span>
     <span class='ocr_line' id='line_1_16' title="bbox 144 2173 1211 2274; baseline -0.006 -22"><span class='ocrx_word' id='word_1_113' title='bbox 144 2178 202 2270; x_wconf 84' lang='lat' dir='ltr'><strong>sit,</strong></span> <span class='ocrx_word' id='word_1_114' title='bbox 229 2177 410 2249; x_wconf 87' lang='lat' dir='ltr'><strong>diiudicare</strong></span> <span class='ocrx_word' id='word_1_115' title='bbox 437 2177 556 2250; x_wconf 88' lang='lat' dir='ltr'><strong>discat.</strong></span> <span class='ocrx_word' id='word_1_116' title='bbox 607 2176 705 2269; x_wconf 79' lang='lat' dir='ltr'><strong>Quod</strong></span> <span class='ocrx_word' id='word_1_117' title='bbox 730 2176 789 2274; x_wconf 92' lang='lat' dir='ltr'><strong>qui</strong></span> <span class='ocrx_word' id='word_1_118' title='bbox 813 2173 972 2271; x_wconf 81' lang='lat' dir='ltr'><strong>consequi</strong></span> <span class='ocrx_word' id='word_1_119' title='bbox 1003 2174 1138 2266; x_wconf 81' lang='lat' dir='ltr'><strong>uolunt,</strong></span> <span class='ocrx_word' id='word_1_120' title='bbox 1175 2174 1211 2246; x_wconf 97' lang='lat' dir='ltr'><strong>id</strong></span> 
     </span>
     <span class='ocr_line' id='line_1_17' title="bbox 143 2291 1211 2393; baseline -0.002 -26"><span class='ocrx_word' id='word_1_121' title='bbox 143 2296 294 2393; x_wconf 84' lang='lat' dir='ltr'><strong>inprimis</strong></span> <span class='ocrx_word' id='word_1_122' title='bbox 320 2319 436 2369; x_wconf 88' lang='lat' dir='ltr'><strong>curare</strong></span> <span class='ocrx_word' id='word_1_123' title='bbox 462 2295 595 2388; x_wconf 88' lang='lat' dir='ltr'><strong>debent,</strong></span> <span class='ocrx_word' id='word_1_124' title='bbox 621 2301 659 2366; x_wconf 91' lang='lat' dir='ltr'><strong>ut</strong></span> <span class='ocrx_word' id='word_1_125' title='bbox 680 2318 745 2367; x_wconf 95' lang='lat' dir='ltr'><strong>non</strong></span> <span class='ocrx_word' id='word_1_126' title='bbox 759 2293 881 2366; x_wconf 87' lang='lat' dir='ltr'><strong>multos</strong></span> <span class='ocrx_word' id='word_1_127' title='bbox 897 2291 1009 2384; x_wconf 84' lang='lat' dir='ltr'><strong>simul,</strong></span> <span class='ocrx_word' id='word_1_128' title='bbox 1036 2293 1211 2365; x_wconf 86' lang='lat' dir='ltr'><strong>sedunum</strong></span> 
     </span>
     <span class='ocr_line' id='line_1_18' title="bbox 145 2413 1211 2511; baseline 0 -27"><span class='ocrx_word' id='word_1_129' title='bbox 145 2413 358 2509; x_wconf 90' lang='lat' dir='ltr'><strong>eumdemque</strong></span> <span class='ocrx_word' id='word_1_130' title='bbox 378 2422 511 2510; x_wconf 92' lang='lat' dir='ltr'><strong>poetam</strong></span> <span class='ocrx_word' id='word_1_131' title='bbox 532 2436 663 2511; x_wconf 91' lang='lat' dir='ltr'><strong>quoque</strong></span> <span class='ocrx_word' id='word_1_132' title='bbox 682 2419 850 2508; x_wconf 86' lang='lat' dir='ltr'><strong>tempore,</strong></span> <span class='ocrx_word' id='word_1_133' title='bbox 872 2435 1011 2509; x_wconf 88' lang='lat' dir='ltr'><strong>cumque</strong></span> <span class='ocrx_word' id='word_1_134' title='bbox 1032 2413 1154 2504; x_wconf 85' lang='lat' dir='ltr'><strong>solum,</strong></span> <span class='ocrx_word' id='word_1_135' title='bbox 1176 2420 1211 2484; x_wconf 88' lang='lat' dir='ltr'><strong>et</strong></span> 
     </span>
     <span class='ocr_line' id='line_1_19' title="bbox 144 2527 1210 2629; baseline -0.003 -26"><span class='ocrx_word' id='word_1_136' title='bbox 144 2533 264 2604; x_wconf 85' lang='lat' dir='ltr'><strong>itcrnm</strong></span> <span class='ocrx_word' id='word_1_137' title='bbox 287 2539 389 2629; x_wconf 89' lang='lat' dir='ltr'><strong>atque</strong></span> <span class='ocrx_word' id='word_1_138' title='bbox 401 2533 539 2624; x_wconf 88' lang='lat' dir='ltr'><strong>iterum,</strong></span> <span class='ocrx_word' id='word_1_139' title='bbox 563 2555 670 2627; x_wconf 91' lang='lat' dir='ltr'><strong>neque</strong></span> <span class='ocrx_word' id='word_1_140' title='bbox 689 2529 830 2605; x_wconf 86' lang='lat' dir='ltr'><strong>obscura</strong></span> <span class='ocrx_word' id='word_1_141' title='bbox 853 2527 915 2607; x_wconf 85' lang='lat' dir='ltr'><strong>illa</strong></span> <span class='ocrx_word' id='word_1_142' title='bbox 935 2554 1008 2603; x_wconf 87' lang='lat' dir='ltr'><strong>oum</strong></span> <span class='ocrx_word' id='word_1_143' title='bbox 1024 2529 1210 2626; x_wconf 82' lang='lat' dir='ltr'><strong>diligentie,</strong></span> 
     </span>
     <span class='ocr_line' id='line_1_20' title="bbox 147 2645 1210 2746; baseline 0.001 -26"><span class='ocrx_word' id='word_1_144' title='bbox 147 2673 230 2745; x_wconf 85' lang='lat' dir='ltr'><strong>qnae</strong></span> <span class='ocrx_word' id='word_1_145' title='bbox 243 2649 393 2746; x_wconf 75' lang='lat' dir='ltr'><strong>singulm</strong></span> <span class='ocrx_word' id='word_1_146' title='bbox 407 2649 552 2745; x_wconf 85' lang='lat' dir='ltr'><strong>syllabas</strong></span> <span class='ocrx_word' id='word_1_147' title='bbox 564 2647 791 2745; x_wconf 82' lang='lat' dir='ltr'><strong>atqueapioes</strong></span> <span class='ocrx_word' id='word_1_148' title='bbox 808 2645 958 2740; x_wconf 84' lang='lat' dir='ltr'><strong>rimatur,</strong></span> <span class='ocrx_word' id='word_1_149' title='bbox 974 2647 1046 2740; x_wconf 85' lang='lat' dir='ltr'><strong>sed,</strong></span> <span class='ocrx_word' id='word_1_150' title='bbox 1062 2674 1126 2744; x_wconf 93' lang='lat' dir='ltr'><strong>quo</strong></span> <span class='ocrx_word' id='word_1_151' title='bbox 1143 2648 1210 2721; x_wconf 88' lang='lat' dir='ltr'><strong>line</strong></span> 
     </span>
     <span class='ocr_line' id='line_1_21' title="bbox 146 2764 1211 2864; baseline -0.001 -25"><span class='ocrx_word' id='word_1_152' title='bbox 146 2768 351 2864; x_wconf 85' lang='lat' dir='ltr'><strong>seripserunt</strong></span> <span class='ocrx_word' id='word_1_153' title='bbox 375 2774 508 2864; x_wconf 87' lang='lat' dir='ltr'><strong>poetae,</strong></span> <span class='ocrx_word' id='word_1_154' title='bbox 534 2764 765 2847; x_wconf 83' lang='lat' dir='ltr'><strong>oblectationis</strong></span> <span class='ocrx_word' id='word_1_155' title='bbox 791 2788 922 2858; x_wconf 86' lang='lat' dir='ltr'><strong>caussa,</strong></span> <span class='ocrx_word' id='word_1_156' title='bbox 947 2764 1074 2862; x_wconf 85' lang='lat' dir='ltr'><strong>legant.</strong></span> <span class='ocrx_word' id='word_1_157' title='bbox 1125 2765 1211 2838; x_wconf 89' lang='lat' dir='ltr'><strong>Nam</strong></span> 
     </span>
     <span class='ocr_line' id='line_1_22' title="bbox 147 2882 1211 2982; baseline -0.001 -25"><span class='ocrx_word' id='word_1_158' title='bbox 147 2884 212 2957; x_wconf 85' lang='lat' dir='ltr'><strong>etsi</strong></span> <span class='ocrx_word' id='word_1_159' title='bbox 235 2910 299 2982; x_wconf 88' lang='lat' dir='ltr'><strong>ego</strong></span> <span class='ocrx_word' id='word_1_160' title='bbox 325 2911 393 2959; x_wconf 93' lang='lat' dir='ltr'><strong>non</strong></span> <span class='ocrx_word' id='word_1_161' title='bbox 423 2885 453 2957; x_wconf 87' lang='lat' dir='ltr'><strong>is</strong></span> <span class='ocrx_word' id='word_1_162' title='bbox 479 2908 571 2976; x_wconf 88' lang='lat' dir='ltr'><strong>sum,</strong></span> <span class='ocrx_word' id='word_1_163' title='bbox 605 2884 662 2980; x_wconf 93' lang='lat' dir='ltr'><strong>qni</strong></span> <span class='ocrx_word' id='word_1_164' title='bbox 694 2907 716 2955; x_wconf 89' lang='lat' dir='ltr'><strong>a</strong></span> <span class='ocrx_word' id='word_1_165' title='bbox 746 2882 907 2978; x_wconf 79' lang='lat' dir='ltr'><strong>diligente</strong></span> <span class='ocrx_word' id='word_1_166' title='bbox 932 2891 1030 2980; x_wconf 88' lang='lat' dir='ltr'><strong>atque</strong></span> <span class='ocrx_word' id='word_1_167' title='bbox 1056 2892 1211 2957; x_wconf 87' lang='lat' dir='ltr'><strong>accurata</strong></span> 
     </span>
     <span class='ocr_line' id='line_1_23' title="bbox 146 3000 1212 3101; baseline -0.001 -27"><span class='ocrx_word' id='word_1_168' title='bbox 146 3011 293 3076; x_wconf 85' lang='lat' dir='ltr'><strong>veterum</strong></span> <span class='ocrx_word' id='word_1_169' title='bbox 323 3003 523 3101; x_wconf 84' lang='lat' dir='ltr'><strong>scriptorum</strong></span> <span class='ocrx_word' id='word_1_170' title='bbox 555 3001 701 3075; x_wconf 87' lang='lat' dir='ltr'><strong>lectione</strong></span> <span class='ocrx_word' id='word_1_171' title='bbox 735 3000 905 3073; x_wconf 84' lang='lat' dir='ltr'><strong>dehortari</strong></span> <span class='ocrx_word' id='word_1_172' title='bbox 935 3024 1127 3098; x_wconf 89' lang='lat' dir='ltr'><strong>quemquam</strong></span> <span class='ocrx_word' id='word_1_173' title='bbox 1153 3009 1212 3075; x_wconf 83' lang='lat' dir='ltr'><strong>aut</strong></span> 
     </span>
     <span class='ocr_line' id='line_1_24' title="bbox 147 3117 1212 3217; baseline -0.001 -25"><span class='ocrx_word' id='word_1_174' title='bbox 147 3121 315 3193; x_wconf 85' lang='lat' dir='ltr'><strong>deterrere</strong></span> <span class='ocrx_word' id='word_1_175' title='bbox 341 3121 453 3212; x_wconf 76' lang='lat' dir='ltr'><strong>volun,</strong></span> <span class='ocrx_word' id='word_1_176' title='bbox 480 3144 576 3217; x_wconf 87' lang='lat' dir='ltr'><strong>quam</strong></span> <span class='ocrx_word' id='word_1_177' title='bbox 601 3117 799 3194; x_wconf 84' lang='lat' dir='ltr'><strong>laudandam</strong></span> <span class='ocrx_word' id='word_1_178' title='bbox 814 3120 926 3216; x_wconf 92' lang='lat' dir='ltr'><strong>potius</strong></span> <span class='ocrx_word' id='word_1_179' title='bbox 942 3143 984 3191; x_wconf 84' lang='lat' dir='ltr'><strong>ac</strong></span> <span class='ocrx_word' id='word_1_180' title='bbox 1000 3119 1212 3191; x_wconf 84' lang='lat' dir='ltr'><strong>vehementer</strong></span> 
     </span>
     <span class='ocr_line' id='line_1_25' title="bbox 147 3237 1211 3333; baseline -0.003 -21"><span class='ocrx_word' id='word_1_181' title='bbox 147 3237 435 3315; x_wconf 86' lang='lat' dir='ltr'><strong>commendandam</strong></span> <span class='ocrx_word' id='word_1_182' title='bbox 467 3238 628 3317; x_wconf 68' lang='lat' dir='ltr'><strong>arliuorz</strong></span> <span class='ocrx_word' id='word_1_183' title='bbox 662 3244 771 3314; x_wconf 87' lang='lat' dir='ltr'><strong>tamen</strong></span> <span class='ocrx_word' id='word_1_184' title='bbox 802 3238 852 3311; x_wconf 89' lang='lat' dir='ltr'><strong>ita</strong></span> <span class='ocrx_word' id='word_1_185' title='bbox 882 3237 1012 3327; x_wconf 87' lang='lat' dir='ltr'><strong>sentio,</strong></span> <span class='ocrx_word' id='word_1_186' title='bbox 1039 3237 1095 3333; x_wconf 89' lang='lat' dir='ltr'><strong>qui</strong></span> <span class='ocrx_word' id='word_1_187' title='bbox 1115 3244 1211 3312; x_wconf 86' lang='lat' dir='ltr'><strong>reete</strong></span> 
     </span>
     <span class='ocr_line' id='line_1_26' title="bbox 146 3354 1212 3452; baseline 0 -24"><span class='ocrx_word' id='word_1_188' title='bbox 146 3356 335 3452; x_wconf 87' lang='lat' dir='ltr'><strong>intelligere</strong></span> <span class='ocrx_word' id='word_1_189' title='bbox 361 3356 543 3452; x_wconf 84' lang='lat' dir='ltr'><strong>scriptores</strong></span> <span class='ocrx_word' id='word_1_190' title='bbox 567 3354 719 3451; x_wconf 89' lang='lat' dir='ltr'><strong>antiquos</strong></span> <span class='ocrx_word' id='word_1_191' title='bbox 744 3356 846 3447; x_wconf 84' lang='lat' dir='ltr'><strong>velit,</strong></span> <span class='ocrx_word' id='word_1_192' title='bbox 872 3380 946 3428; x_wconf 91' lang='lat' dir='ltr'><strong>eum</strong></span> <span class='ocrx_word' id='word_1_193' title='bbox 972 3357 1037 3429; x_wconf 89' lang='lat' dir='ltr'><strong>hoo</strong></span> <span class='ocrx_word' id='word_1_194' title='bbox 1062 3379 1121 3427; x_wconf 90' lang='lat' dir='ltr'><strong>cos</strong></span> <span class='ocrx_word' id='word_1_195' title='bbox 1145 3355 1212 3428; x_wconf 87' lang='lat' dir='ltr'><strong>fine</strong></span> 
     </span>
     <span class='ocr_line' id='line_1_27' title="bbox 146 3472 1213 3569; baseline 0.001 -24"><span class='ocrx_word' id='word_1_196' title='bbox 146 3474 299 3546; x_wconf 87' lang='lat' dir='ltr'><strong>lectitare</strong></span> <span class='ocrx_word' id='word_1_197' title='bbox 326 3472 458 3565; x_wconf 87' lang='lat' dir='ltr'><strong>debere,</strong></span> <span class='ocrx_word' id='word_1_198' title='bbox 485 3480 549 3568; x_wconf 86' lang='lat' dir='ltr'><strong>quo</strong></span> <span class='ocrx_word' id='word_1_199' title='bbox 575 3473 642 3568; x_wconf 91' lang='lat' dir='ltr'><strong>ipsi</strong></span> <span class='ocrx_word' id='word_1_200' title='bbox 656 3480 693 3547; x_wconf 92' lang='lat' dir='ltr'><strong>ut</strong></span> <span class='ocrx_word' id='word_1_201' title='bbox 713 3473 917 3569; x_wconf 84' lang='lat' dir='ltr'><strong>legerentur,</strong></span> <span class='ocrx_word' id='word_1_202' title='bbox 943 3472 1213 3568; x_wconf 84' lang='lat' dir='ltr'><strong>conscripserunt</strong></span> 
     </span>
     <span class='ocr_line' id='line_1_28' title="bbox 148 3589 1210 3687; baseline -0.001 -22"><span class='ocrx_word' id='word_1_203' title='bbox 148 3591 210 3677; x_wconf 74' lang='lat' dir='ltr'><strong>lios</strong></span> <span class='ocrx_word' id='word_1_204' title='bbox 242 3590 361 3664; x_wconf 86' lang='lat' dir='ltr'><strong>libros.</strong></span> <span class='ocrx_word' id='word_1_205' title='bbox 419 3589 518 3682; x_wconf 78' lang='lat' dir='ltr'><strong>Quod</strong></span> <span class='ocrx_word' id='word_1_206' title='bbox 553 3589 618 3663; x_wconf 85' lang='lat' dir='ltr'><strong>etsi</strong></span> <span class='ocrx_word' id='word_1_207' title='bbox 652 3614 733 3679; x_wconf 82' lang='lat' dir='ltr'><strong>nos,</strong></span> <span class='ocrx_word' id='word_1_208' title='bbox 768 3592 825 3687; x_wconf 90' lang='lat' dir='ltr'><strong>qui</strong></span> <span class='ocrx_word' id='word_1_209' title='bbox 857 3599 892 3675; x_wconf 82' lang='lat' dir='ltr'><strong>et</strong></span> <span class='ocrx_word' id='word_1_210' title='bbox 925 3590 1083 3686; x_wconf 84' lang='lat' dir='ltr'><strong>temporis</strong></span> <span class='ocrx_word' id='word_1_211' title='bbox 1118 3598 1210 3664; x_wconf 88' lang='lat' dir='ltr'><strong>tanto</strong></span> 
     </span>
     <span class='ocr_line' id='line_1_29' title="bbox 148 3706 1211 3803; baseline 0.001 -23"><span class='ocrx_word' id='word_1_212' title='bbox 148 3708 325 3781; x_wconf 85' lang='lat' dir='ltr'><strong>intervallo</strong></span> <span class='ocrx_word' id='word_1_213' title='bbox 351 3708 391 3779; x_wconf 86' lang='lat' dir='ltr'><strong>ab</strong></span> <span class='ocrx_word' id='word_1_214' title='bbox 417 3708 460 3780; x_wconf 90' lang='lat' dir='ltr'><strong>iis</strong></span> <span class='ocrx_word' id='word_1_215' title='bbox 487 3706 624 3781; x_wconf 87' lang='lat' dir='ltr'><strong>discreti</strong></span> <span class='ocrx_word' id='word_1_216' title='bbox 649 3731 782 3800; x_wconf 91' lang='lat' dir='ltr'><strong>sumus,</strong></span> <span class='ocrx_word' id='word_1_217' title='bbox 819 3716 854 3781; x_wconf 89' lang='lat' dir='ltr'><strong>et</strong></span> <span class='ocrx_word' id='word_1_218' title='bbox 878 3715 1035 3803; x_wconf 81' lang='lat' dir='ltr'><strong>comnpta</strong></span> <span class='ocrx_word' id='word_1_219' title='bbox 1060 3708 1211 3803; x_wconf 87' lang='lat' dir='ltr'><strong>plurimis</strong></span> 
     </span>
     <span class='ocr_line' id='line_1_30' title="bbox 147 3824 1211 3922; baseline 0.003 -27"><span class='ocrx_word' id='word_1_220' title='bbox 147 3825 183 3897; x_wconf 95' lang='lat' dir='ltr'><strong>in</strong></span> <span class='ocrx_word' id='word_1_221' title='bbox 207 3825 293 3898; x_wconf 90' lang='lat' dir='ltr'><strong>locis</strong></span> <span class='ocrx_word' id='word_1_222' title='bbox 318 3824 445 3922; x_wconf 86' lang='lat' dir='ltr'><strong>scripta</strong></span> <span class='ocrx_word' id='word_1_223' title='bbox 469 3850 583 3899; x_wconf 90' lang='lat' dir='ltr'><strong>eorum</strong></span> <span class='ocrx_word' id='word_1_224' title='bbox 608 3825 784 3917; x_wconf 87' lang='lat' dir='ltr'><strong>habemns,</strong></span> <span class='ocrx_word' id='word_1_225' title='bbox 809 3849 876 3897; x_wconf 92' lang='lat' dir='ltr'><strong>non</strong></span> <span class='ocrx_word' id='word_1_226' title='bbox 900 3849 1075 3922; x_wconf 85' lang='lat' dir='ltr'><strong>possumus</strong></span> <span class='ocrx_word' id='word_1_227' title='bbox 1100 3826 1211 3920; x_wconf 70' lang='lat' dir='ltr'><strong>aliter,</strong></span> 
     </span>
     <span class='ocr_line' id='line_1_31' title="bbox 149 3942 1214 4042; baseline 0.002 -28"><span class='ocrx_word' id='word_1_228' title='bbox 149 3967 246 4039; x_wconf 90' lang='lat' dir='ltr'><strong>quam</strong></span> <span class='ocrx_word' id='word_1_229' title='bbox 278 3968 396 4040; x_wconf 88' lang='lat' dir='ltr'><strong>magno</strong></span> <span class='ocrx_word' id='word_1_230' title='bbox 430 3942 649 4042; x_wconf 88' lang='lat' dir='ltr'><strong>diligentique</strong></span> <span class='ocrx_word' id='word_1_231' title='bbox 684 3942 800 4033; x_wconf 85' lang='lat' dir='ltr'><strong>studio¹</strong></span> <span class='ocrx_word' id='word_1_232' title='bbox 820 3942 981 4032; x_wconf 83' lang='lat' dir='ltr'><strong>-efficere3</strong></span> <span class='ocrx_word' id='word_1_233' title='bbox 1021 3950 1131 4016; x_wconf 84' lang='lat' dir='ltr'><strong>tamen</strong></span> <span class='ocrx_word' id='word_1_234' title='bbox 1165 3945 1214 4016; x_wconf 84' lang='lat' dir='ltr'><strong>ita</strong></span> 
     </span>
    </p>
   </div>
   <div class='ocr_carea' id='block_1_3' title="bbox 148 4060 1213 4160">
    <p class='ocr_par' dir='ltr' id='par_1_4' title="bbox 148 4060 1213 4160">
     <span class='ocr_line' id='line_1_32' title="bbox 148 4060 1213 4160; baseline 0.006 -29"><span class='ocrx_word' id='word_1_235' title='bbox 148 4060 304 4133; x_wconf 86' lang='lat' dir='ltr'><strong>debemus</strong></span> <span class='ocrx_word' id='word_1_236' title='bbox 330 4071 517 4136; x_wconf 85' lang='lat' dir='ltr'><strong>accuratam</strong></span> <span class='ocrx_word' id='word_1_237' title='bbox 547 4060 652 4134; x_wconf 76' lang='lat' dir='ltr'><strong>illam‘</strong></span> <span class='ocrx_word' id='word_1_238' title='bbox 665 4060 841 4137; x_wconf 87' lang='lat' dir='ltr'><strong>lectionem</strong></span> <span class='ocrx_word' id='word_1_239' title='bbox 866 4083 887 4132; x_wconf 90' lang='lat' dir='ltr'><strong>a</strong></span> <span class='ocrx_word' id='word_1_240' title='bbox 913 4063 1082 4156; x_wconf 85' lang='lat' dir='ltr'><strong>cursoria,</strong></span> <span class='ocrx_word' id='word_1_241' title='bbox 1116 4087 1213 4160; x_wconf 86' lang='lat' dir='ltr'><strong>quam</strong></span> 
     </span>
    </p>
   </div>
   <div class='ocr_carea' id='block_1_4' title="bbox 0 0 1339 4786">
    <p class='ocr_par' dir='ltr' id='par_1_5' title="bbox 0 0 1339 4786">
     <span class='ocr_line' id='line_1_33' title="bbox 0 0 1339 4786; baseline 0 0"><span class='ocrx_word' id='word_1_242' title='bbox 0 0 1339 4786; x_wconf 95' lang='lat' dir='ltr'><strong> </strong></span> 
     </span>
    </p>
   </div>
  </div>
 </body>
</html>
