2654 4786
162 375 225 445 1⁰0
540 386 662 441 cmm.
697 382 867 438 camari.

163 546 203 608 au
228 534 387 628 aliquando
408 558 480 602 vere
500 536 541 601 sit
561 555 672 624 paeon:
695 555 751 622 quo
774 534 853 599 faclo
868 530 1018 599 Creticum
1039 528 1160 595 excludi
1182 549 1235 593 ue-

164 665 248 709 casse
270 648 325 707 est.
375 639 422 705 dc
448 638 556 725 negari
576 659 637 702 uon
659 642 774 727 polest,
796 634 925 700 inveniri
945 633 1044 714 locos,
1073 629 1234 717 inquibus

163 765 296 833 paeones
326 741 416 807 multo
445 740 578 828 aptiores
607 738 778 803 videantur:
808 745 839 801 ut
865 736 896 800 iu
925 733 1046 799 Electra
1073 730 1235 819 Sophoclis

166 842 260 911 1384.

293 957 370 1024 ἴδεθ’
394 955 662 1041 ὅπη-προνέμεται

250 1060 286 1125 τὸ
308 1058 483 1144 deplorator
504 1054 582 1140 αἷμα
604 1061 712 1144 φυσῶν
724 1053 829 1139 Ἄρης.

166 1213 207 1278 Et
228 1214 258 1278 iu
280 1212 390 1277 Aesch.
412 1211 514 1276 Prom.
536 1210 610 1276 579.

251 1330 283 1393 τί
301 1328 377 1392 ποτέ
395 1327 438 1407 μ’,
461 1319 630 1411 ὧ-Κρόυιε
653 1334 728 1404 παῖ’,
750 1324 802 1388 -cl
822 1345 894 1386 ποτε
915 1319 1023 1396 ταῖςὸ’.

633 1561 668 1646 s.
697 1560 771 1626 aas.

254 1730 354 1819 Saepe
375 1752 392 1794 ο
414 1729 560 1816 dactylico
589 1750 710 1794 numero
732 1728 876 1793 transitur
898 1727 928 1791 io
961 1722 1182 1802 decimiacum,
1211 1730 1241 1785 et

171 1832 287 1921 quidem
309 1832 352 1894 ita
372 1830 449 1912 fere,
470 1838 501 1894 ut
523 1832 611 1896 etiam
633 1830 786 1895 dochmius
808 1826 960 1915 adactylo
972 1824 1105 1913 incipiat.
1129 1822 1242 1888 dasch.

171 1932 205 1999 S.
228 1933 264 1997 ad
287 1931 351 1997 To.
372 1930 446 1996 227.
466 1928 539 1995 234.

256 2063 454 2146 ἃπτόμε-νον
474 2066 547 2149 πυρὶ
569 2066 659 2150 δαΐῳ.

257 2171 501 2251 apparatus-adv
521 2169 652 2251 rapticio
673 2163 774 2249 ὀρθοῖ.

172 2316 406 2400 Rarissimam
427 2338 445 2379 a
466 2317 632 2382 tribracho:
655 2316 759 2403 Eurip.
782 2314 846 2381 lou.
870 2310 963 2379 1448.

258 2446 414 2530 coelavpo’
439 2445 590 2531 ἀδόκητος
610 2445 685 2532 ἦδο-

258 2548 314 2634 υοὶς
335 2546 612 2631 πόθεν-ἐλάβομεν
630 2546 742 2636 χαράν.

173 2704 231 2771 Vel
254 2713 284 2769 ut
299 2704 336 2768 ab
358 2696 468 2783 iambo,
490 2712 540 2767 aut
561 2703 709 2789 spondeo:
731 2701 810 2766 idem
832 2701 863 2765 iu
880 2700 995 2765 Phoeu.
1018 2696 1092 2769 138.

258 2827 349 2911 οὗτος
369 2831 385 2898 ὅ
407 2841 463 2911 τᾶς
482 2836 692 2912 Πολυνείκεος,
714 2826 738 2899 α’
759 2834 857 2919 γέρον,

260 2932 544 3019 αὐτοκασιγνήτας
564 2932 689 3021 νύμφας
710 2932 867 3019 ὁμόγαμος
888 2943 986 3020 nupt&

645 3172 679 3256 s.
700 3168 773 3237 aaa.

175 3332 181 3341 ’
261 3337 510 3414 Quemadmodum
525 3340 556 3404 in
577 3340 645 3421 hoc,
667 3341 744 3427 quod
766 3338 853 3404 modo
875 3337 995 3403 allatum
1016 3344 1072 3421 esi,
1095 3335 1248 3426 exemplo,

177 3440 259 3504 cuius
282 3439 372 3504 multa
393 3440 503 3505 similia
524 3442 722 3524 inveniuntur,
744 3442 865 3529 longior
885 3441 981 3505 series
1002 3438 1190 3526 dactylorum
1212 3441 1243 3504 iu

177 3539 366 3606 dochmiacos
387 3541 466 3622 abit,
496 3530 539 3605 ita
560 3564 649 3630 saepe
671 3544 759 3608 ctiam
782 3550 851 3608 aute
873 3564 938 3607 eum
961 3541 1126 3627 dactylum,
1156 3562 1245 3628 quem

178 3643 290 3729 excipit
309 3639 479 3725 dochmius,
510 3644 667 3708 trochaeus
696 3659 741 3709 est
767 3654 797 3709 et
817 3644 875 3707 hoc
896 3664 961 3707 cum
982 3640 1102 3729 dactylo
1124 3651 1156 3707 et
1177 3663 1246 3708 cum

179 3742 307 3909 dlpclyliis
317 3741 571 3907 2μόοὲοοοᾱοοίίοοο
591 3766 650 3810 uno
672 3747 787 3812 numeri
808 3756 912 3810 tenore
933 3744 1107 3809 cohaerens.
1139 3742 1249 3833 Eurip.

213 3867 268 3910 roa
289 3893 297 3910 .
383 3892 391 3908 .

265 3961 360 4047 ῥῖπτε,
382 3960 495 4037 τέκνον,
517 3963 647 4040 ζαθέους
668 3967 782 4050 κλῇδας
803 3966 853 4027 καὶ
874 3962 936 4027 ἀπὸ
955 3961 1049 4048 χροὸς
1071 3963 1161 4027 ἐνδυ-

264 4070 326 4128 τῶν
347 4061 512 4148 caepi-uuo
531 4064 632 4150 ἱεροὺς
652 4062 813 4148 στολμούς.
