2654 4786
133 412 202 467 nun.
219 411 265 467 uu.
300 410 378 468 cue.
396 412 455 465 xri.
489 411 538 467 uu
555 409 835 471 costrosuurnus
852 417 1097 472 uvuuaoavu.
1137 402 1199 471 281

602 563 638 650 5
662 562 738 631 54.ss

173 726 176 731 ·
216 699 319 765 Porro
341 718 443 763 versus
464 695 707 782 Platonicus,
728 721 768 766 ex
790 702 837 766 luis
859 703 1016 770 membris:
1095 726 1128 735 ·’

232 830 445 881 Δυυ-ιυυ-υ
457 830 464 902 l
476 831 571 878 LuL-
585 832 590 902 Ι
603 824 788 880 ruri-nn..

238 942 326 1021 χαῖρε
355 929 568 1019 παλαιαγόνων
605 933 727 1019 ἀνδρῶν
762 941 885 999 θεατῶν
922 931 1046 1021 §ellim
1087 962 1201 1004 παντο-

216 1357 356 1442 Dsnique
379 1354 610 1420 Pindarieus
632 1376 750 1421 versus:

231 1490 355 1538 ῦέυέ-
388 1489 595 1536 -ίυυ-υυ-ῡ·
608 1490 613 1558 Ι
626 1489 721 1536 Lut-

237 1588 273 1668 ὃς
294 1594 344 1655 καὶ
366 1593 467 1666 τυπεὶς
489 1586 570 1678 ἁγνῷ
592 1592 704 1655 πελέκει
726 1593 828 1656 τέκετο
851 1593 971 1668 ξανθὰν
987 1589 1133 1657 Ἀθάναν.

136 1714 140 1718 “
235 1694 330 1779 σοφοὶ
353 1693 387 1757 δὲ
408 1693 458 1757 καὶ
479 1692 514 1757 τὸ
535 1692 633 1776 μηδὲν
653 1692 731 1776 ἄγαν
751 1691 823 1769 ἴπος
845 1693 976 1776 αἴνησαν
997 1699 1156 1778 περισσῶς.
1180 1770 1183 1775 ,

596 1885 632 1964 s.
660 1876 733 1945 aar.

214 2012 270 2084 vsi
293 2021 362 2079 sunt
382 2012 430 2077 his
453 2013 599 2102 epitritis,
622 2034 744 2100 quorum
767 2014 899 2098 gravitas
922 2013 986 2077 fere
1008 2036 1126 2102 semper
1148 2015 1198 2080 (la-

131 2113 240 2205 ctylico
262 2135 383 2180 numero
405 2121 595 2203 temperatur,
616 2126 800 2202 augeturque
821 2115 968 2179 interdum
990 2115 1129 2179 trochaeo
1152 2136 1199 2179 se-

133 2224 243 2301 musto,
265 2215 301 2280 de
323 2237 379 2302 quo
401 2215 481 2281 inira
502 2215 536 2302 5.
559 2213 633 2284 563.
655 2238 717 2303 seq.
738 2214 829 2305 lyrici
851 2218 980 2281 maxime
1000 2215 1036 2297 ii,
1057 2215 1106 2301 qui
1128 2236 1196 2303 gra·

132 2317 286 2385 vissimum
308 2326 338 2382 et
357 2315 629 2406 splendidissimum
651 2339 746 2404 genus
762 2317 878 2405 lyricae
892 2339 1018 2406 poeseos
1034 2316 1198 2400 coluerunt,

131 2425 163 2486 nt
187 2418 340 2485 Pindarus
368 2427 398 2482 et
423 2417 604 2485 Simonides.
647 2417 726 2486 Vile
753 2417 787 2504 5.
816 2417 889 2484 599.
937 2417 1050 2483 Rarius
1077 2418 1199 2506 tragici,

131 2520 207 2609 quotl
237 2520 271 2587 lui
297 2520 413 2586 numeri
434 2519 666 2606 tranquilliorem
688 2533 717 2584 et
737 2519 915 2584 sedatiorem
936 2520 1124 2584 severitatem
1146 2520 1198 2583 ha·

130 2624 218 2705 lent,
240 2643 325 2708 quam
348 2644 422 2708 quae
443 2622 614 2710 plerumque
635 2621 666 2686 in
689 2621 846 2706 tragoedia
866 2621 1035 2707 requiritur.
1085 2620 1198 2686 Rarius

129 2723 221 2789 etiam
243 2723 348 2789 comici
371 2722 418 2789 usi
439 2731 515 2788 suut.

508 3023 816 3032 n——m-a-w*

533 3275 669 3349 onl’.
689 3276 801 3350 ΧΠ.

184 3462 187 3471 ’
299 3446 355 3522 De
389 3448 707 3545 compositione
741 3470 1024 3521 numerorum.

599 3661 726 3752 aare.
775 3668 821 3768 j

214 3802 320 3871 Omnis
357 3800 519 3867 carminum
553 3799 773 3866 condendorum
811 3801 888 3865 ratio
920 3800 1087 3864 continetur
1116 3795 1196 3860 elo·

126 3906 272 3988 ctione,
301 3925 374 3991 quae
402 3913 447 3969 est
472 3903 504 3971 iu
531 3901 709 3967 inveniendo
738 3923 848 3985 genere
877 3901 993 3965 numeri
1023 3898 1068 3962 rei
1091 3897 1195 3983 cuique

126 4014 215 4096 apto,
242 4013 273 4073 et
300 4004 549 4086 tractatione,
576 4025 651 4089 queo
678 4004 710 4069 in
738 4011 808 4091 apta
834 4003 937 4067 horum
960 4021 1103 4088 generum
1126 4017 1195 4062 cou-

125 4107 309 4194 lnrmntione
329 4114 360 4175 ot
380 4105 589 4175 coniunctione
608 4112 752 4171 versatur.
