2654 4786
124 381 189 448 268
335 406 361 417 ··
474 400 542 453 uun.
558 402 604 453 ur.
639 399 716 454 cue.
736 399 837 453 xvuu

126 551 306 638 comparatio
329 552 524 617 membrorum
547 575 605 618 non
629 560 697 636 apta
720 551 808 632 foret,
831 551 858 614 si
881 551 954 614 haec
973 551 1104 615 membra
1122 572 1186 615 con·

125 651 331 715 stituerentur:

226 783 327 830 lux)-
341 783 345 852 Ι
360 785 478 832 itt-‘vl
484 801 617 832 υυυυυ

125 921 213 984 immo
236 920 488 1006 interpunctiones
511 922 542 985 in
564 901 671 985 ceteris
693 922 824 1009 strophis
847 922 904 1003 ita,
933 923 974 986 uti
1002 943 1093 1008 supra
1116 921 1187 984 dixi·

125 1042 207 1102 mue,
228 1019 466 1107 distinguendum
489 1043 557 1085 esse
578 1022 698 1086 docent:

225 1153 351 1200 -'-w--
365 1153 369 1222 Ι
384 1153 624 1210 altulum-oq

124 1289 184 1358 Vbi
206 1298 337 1378 apertum
361 1299 422 1372 est,
451 1291 665 1376 elegantiorem
689 1312 756 1355 esee
778 1292 954 1355 divisionem
983 1289 1137 1372 vocabuli,
1163 1291 1187 1355 si

126 1393 226 1466 παισί,
255 1413 340 1478 quam
369 1395 395 1456 si
424 1394 527 1455 τιαιοὶν
554 1393 710 1456 scribatur.
758 1391 848 1456 Nullo
877 1391 963 1456 modo
993 1400 1091 1456 autem
1121 1391 1188 1455 lerrl

127 1501 223 1581 potest
245 1493 316 1558 illud
338 1492 440 1557 lstbm.
462 1493 514 1558 ult.

209 1623 395 1708 ἀτόλματον·
419 1625 484 1690 ἀλλ’
508 1628 598 1707 depol
621 1628 710 1707 δεῖμα
731 1627 787 1708 μὲν
808 1625 1041 1709 παροιχόμενον.

125 1778 210 1852 Quod
243 1779 328 1866 peius
361 1780 449 1844 etiam
480 1781 528 1862 fit,
561 1801 633 1845 voce
666 1779 804 1845 enclitica
836 1782 866 1845 in
895 1778 1045 1868 principio
1073 1777 1189 1845 secundi

125 1881 248 1945 membri
271 1880 382 1968 posita:
433 1954 434 1958 Ἰ

208 2009 397 2096 ἀτόλματον·
419 2011 578 2097 ἄλλά-μοι
600 2017 689 2096 δεῖμα
710 2016 766 2096 μὲν
787 2011 1019 2100 παροιχόμενον.

569 2218 627 2322 a.
649 2217 724 2284 om.
845 2284 847 2289 .

209 2369 275 2442 Quo
298 2370 395 2456 magis
418 2379 514 2435 autem
536 2372 667 2435 membra
688 2369 761 2434 talia
782 2377 860 2452 sunt,
882 2375 913 2433 ut
934 2369 1072 2455 singulos
1092 2379 1191 2434 versus

125 2471 304 2535 constituere
325 2471 490 2553 videantur,
511 2472 532 2537 i.
545 2494 570 2536 e.
593 2493 650 2558 quo
673 2470 791 2536 facilius
815 2492 907 2558 pausa
927 2470 1027 2557 aliqua
1048 2469 1192 2556 distingui

125 2571 291 2660 postulant,
318 2579 399 2635 tantu
428 2573 525 2659 magis
553 2572 624 2637 illae
652 2581 762 2637 tantum
790 2573 952 2636 divisiones
986 2572 1192 2637 vocabulorum

125 2671 310 2737 adhibendae
331 2682 414 2753 sunt,
444 2695 518 2758 quae
546 2674 696 2739 minimum
725 2673 902 2740 offensionis
930 2674 1073 2737 babeant:
1106 2682 1138 2741 ut
1164 2672 1192 2737 in

126 2772 236 2838 Aesch.
254 2774 362 2856 Agam.
387 2771 479 2838 1477.

210 2911 331 2990 δαῖμον,
352 2905 386 2984 ὃς
408 2910 556 2988 ἔμπιτνεῖς
577 2905 699 2990 δώμασι
720 2911 770 2972 καὶ
793 2910 892 2993 διφυί-

211 3035 271 3076 οιοι
291 3011 540 3075 Τανταλίδαισιν.

594 3194 629 3280 a.
658 3194 730 3260 one.

211 3349 290 3413 Hinc
312 3348 508 3436 intelligitur,
540 3370 592 3412 cur
613 3348 644 3411 in
667 3347 839 3434 quibusdam
870 3348 1005 3411 versibus
1033 3369 1125 3435 saepe
1154 3347 1192 3410 ita

127 3450 283 3514 coniuncta
304 3454 363 3514 siut
385 3451 531 3532 membra,
563 3457 594 3513 ut
615 3471 703 3514 voces
726 3449 813 3513 etiarn
836 3448 874 3512 iis
898 3448 992 3512 modis
1015 3448 1192 3529 dividantur,

127 3553 176 3637 qui
199 3550 295 3632 aliter,
318 3552 337 3616 i.
361 3574 387 3614 e.
410 3552 522 3614 maiore
545 3573 637 3638 pausa
659 3550 749 3631 sacta,
772 3547 956 3638 improbandi
976 3557 1085 3633 essent.
1109 3546 1191 3625 Quod

126 3653 158 3717 lit
171 3653 298 3716 maxime
314 3653 345 3716 in
369 3653 501 3716 versibus
514 3652 550 3714 ab
567 3652 729 3738 antispasto
747 3650 967 3739 incipientibus,
988 3661 1020 3715 et
1031 3651 1061 3715 iu
1073 3652 1124 3735 iis,
1146 3649 1192 3737 qui

127 3754 184 3820 duo
212 3753 443 3841 penthemimere
471 3753 598 3816 iambica
626 3752 786 3816 continent.
840 3751 1010 3840 Aeschylus
1040 3753 1124 3842 Sept
1157 3749 1190 3816 ad

127 3856 227 3921 Theb.
250 3855 319 3920 121.
347 3855 434 3918 Pers,
455 3853 528 3919 288.
551 3853 658 3941 Agam.
680 3853 753 3919 217.
775 3852 846 3918 200.
869 3862 950 3942 seq(

211 3988 324 4072 ἄρηξον
346 3990 466 4052 doc-'luno
481 3985 609 4052 ’ἅλωσιν

211 4091 332 4156 ἔκτισαν
354 4088 499 4165 εὸτι-(λος
520 4088 568 4170 ἠδ’
593 4087 772 4174 ἀνάνδρους.
