2654 4786
123 359 187 426 m
498 373 819 430 mmmm
938 386 942 408 ·

126 525 219 594 1051.
239 525 390 591 Interdum
412 547 472 591 una
492 509 623 615 persono
643 546 761 612 semper
782 543 882 604 unum,
897 519 993 586 altera
1007 525 1107 586 autem
1119 521 1191 587 duos

126 650 229 693 versus
251 627 350 708 hahet,
374 633 406 690 nt
422 627 451 690 in
465 628 572 691 Promi
582 647 601 690 a
611 647 640 690 v.
654 625 714 691 39:
727 626 811 690 Alibi
827 624 967 705 variatur,
985 629 1017 687 nt
1033 644 1116 687 nnnc
1131 622 1191 687 sin-

126 730 190 815 guli
206 727 290 808 duos,
305 748 383 790 nunc
397 749 482 791 unum
495 728 742 814 quisqueuersum
757 722 974 815 pronuntiet,ut
987 724 1018 788 in
1026 723 1102 788 Oed.
1113 723 1191 810 Reg.

127 854 144 894 a
169 853 194 894 v.
209 827 281 893 543.
319 826 491 913 Aliquando
510 829 735 915 interrumpitur
750 828 824 892 haec
839 825 1068 915 responsionum
1084 845 1192 911 aequa-

126 931 205 1010 litas,
226 927 391 1015 quumquid
406 928 577 1009 intervenit,
598 937 648 992 ant
669 941 796 1016 augetur
812 928 904 1001 animi
925 928 1094 1009 commotio,
1115 927 1191 991 utin

84 1113 89 1118 ¹
126 1032 228 1096 eadem
251 1028 352 1094 sabula
371 1050 399 1094 v.
420 1027 492 1096 334.
516 1029 566 1093 uhi
587 1051 657 1094 mox
678 1051 780 1094 rursus
802 1030 832 1095 in
856 1029 992 1096 ordinem
1009 1027 1089 1093 redit
1104 1026 1192 1092 collo·

121 1133 235 1218 quium.
257 1130 355 1218 Saepe
367 1129 466 1210 etiam,
488 1151 573 1215 quum
592 1130 704 1215 singuli
726 1131 862 1218 singulos
885 1150 987 1194 versus
1009 1129 1192 1210 habuissent,

128 1231 302 1315 nhi‘magis
330 1231 542 1312 exardescunt,
574 1231 772 1317 unusquisque
801 1253 902 1296 versus
930 1232 1009 1295 inter
1042 1241 1192 1316 utrumque

127 1332 355 1420 colloquentium
376 1331 574 1413 distribuitur,
597 1341 720 1417 utroque
741 1354 820 1397 uune
841 1333 936 1420 plura,
958 1352 1036 1396 nunc
1052 1331 1193 1419 pauciora

127 1437 217 1500 verha
245 1434 376 1514 dicente,
408 1432 460 1511 sed
492 1433 524 1497 in
557 1455 592 1497 eo
621 1440 718 1497 tamen
746 1441 863 1498 servata
890 1431 1085 1521 aequalitate,
1118 1431 1192 1518 quod

127 1537 279 1620 utriusque
301 1533 379 1598 dicta
401 1555 459 1598 uno
481 1534 600 1618 integro
623 1555 709 1597 versu
733 1536 947 1607 continentur„
970 1532 1018 1597 lta
1032 1534 1071 1599 in
1087 1533 1197 1611 Oreste

128 1659 146 1701 a
167 1658 193 1701 v.
215 1632 287 1700 764.
310 1635 457 1699 edPors.
480 1643 509 1698 et
530 1656 549 1698 a
570 1657 597 1698 v.
619 1632 712 1699 1614.
733 1644 763 1699 et
785 1636 814 1701 in
840 1634 1015 1698 Phoenissis
1037 1656 1056 1703 a
1078 1657 1106 1699 v.
1122 1633 1193 1702 612.

127 1735 278 1801 Interdum
310 1757 386 1798 unus
420 1734 646 1820 colloquentium
676 1757 730 1823 pro
765 1736 883 1819 integro
916 1757 1004 1800 versu
1031 1735 1108 1801 nihil
1136 1735 1192 1800 nisi

126 1839 245 1902 hrevcm
268 1835 512 1900 exclamationem
534 1835 660 1923 profert,
682 1845 712 1900 ut
733 1837 763 1901 in
786 1836 896 1922 Agam.
919 1836 1013 1903 1316.
1036 1835 1122 1902 Alibi
1143 1859 1193 1924 pcr

127 1936 295 2001 huiusmodi
322 1935 564 2000 exclamationem
593 1945 806 2001 commutantur
826 1937 922 2019 vices,
950 1937 1046 2003 altera
1066 1959 1194 2026 persona

127 2037 296 2103 inchoatum
324 2037 360 2101 ah
392 2036 486 2101 altera
507 2058 623 2101 versum
645 2035 841 2125 adimplente,
873 2045 905 2102 nt
931 2039 963 2102 in
991 2039 1148 2105 Prometh.
1167 2060 1192 2105 r.

127 2138 201 2205 979.

132 2310 136 2318 -
208 2268 280 2334 ἝΡ.
302 2269 364 2352 εἴης
387 2271 523 2355 φορητὸς
545 2269 601 2335 οὐκ
622 2269 668 2349 ἂν,
692 2273 718 2336 εἰ
739 2267 889 2355 πράσσοις
910 2277 1019 2348 καλῶς.

212 2374 282 2436 ΠΡ.
304 2369 329 2435 ὤ
349 2397 412 2452 μοι.
429 2369 499 2435 ἛΡ.
519 2370 590 2436 τόδε
611 2367 692 2449 Zeti
710 2371 823 2449 τοῦπος
847 2372 902 2437 cdx
924 2375 1096 2440 ἐπίσταται.

129 2523 317 2598 Quinetiam
341 2524 464 2611 epodica
485 2522 627 2609 quaedam
657 2525 854 2590 conformatio
882 2527 1033 2591 invenitur
1059 2526 1092 2593 in
1114 2528 1193 2614 Aga·

129 2644 284 2687 memnone
305 2644 332 2687 v.
356 2622 448 2687 1352.

282 2757 354 2820 ΑΓ.
376 2753 455 2843 ᾤμσι
477 2754 651 2842 πέπληγμαι
672 2762 794 2846 καιρίαν
815 2760 933 2845 πληγὴν
954 2759 1022 2828 ἴσω.

184 2856 187 2863 “
215 2858 268 2920 Χ.
282 2852 312 2921 oi.
335 2862 417 2942 σῖγά·
439 2859 484 2933 τίς
506 2859 622 2943 πλὴγὴκ
644 2858 733 2925 decri
749 2855 873 2944 uuinton
895 2860 1100 2948 eriscundae&

282 2962 355 3023 AF.
378 2958 405 3045 ᾤ
423 2955 569 3040 praemolli
592 2953 684 3038 αὖθις
706 2958 849 3049 davidque
870 2956 1087 3048 πεπλήγμίνσς,

214 3061 257 3125 Χ.
278 3056 651 3145 ps'.'10dpyovetqydoaoa
673 3064 760 3126 δοκεῖ
774 3089 827 3145 μοι
848 3064 999 3146 βασιλέως
1016 3062 1197 3152 olpaipp'iurr.

38 3290 42 3301 ,
131 3210 246 3286 Quibus
267 3212 419 3296 versibus,
440 3235 562 3300 quorum
584 3215 648 3278 hini
668 3215 774 3302 quique
796 3218 982 3306 stropharum
1005 3215 1102 3285 instar
1123 3228 1198 3302 sont,

131 3332 185 3399 pro
208 3312 303 3400 epodo
325 3313 401 3379 alius
424 3337 441 3379 a
463 3317 550 3381 tertio
574 3316 694 3382 chorico
717 3339 789 3383 sene
811 3319 978 3391 trochaicus
1000 3319 1135 3390 additur:

216 3445 297 3510 ἀλλὰ
318 3447 523 3529 κοινωσώμεθ’
544 3446 597 3514 ‘ria
617 3475 681 3527 πως
701 3450 828 3538 ἀσφαλῆ
840 3430 1055 3536 βουλεύματα.
1126 3483 1129 3491 ’

132 3580 214 3644 Tum
246 3565 342 3646 autem
374 3583 480 3670 reliqui
514 3585 667 3652 duodecim
701 3609 789 3653 senes
821 3584 933 3679 singuli
967 3590 1041 3656 duos
1072 3594 1200 3658 recitant

132 3681 276 3746 iambicos
299 3682 458 3750 trimetros.
1011 3705 1013 3709 ’

506 3954 721 3962 mm
736 3955 813 3962 --,»-
