2654 4786
129 383 151 449 4
534 400 602 454 ιιι.
616 399 641 452 ι.
675 397 754 453 cue.
770 399 806 453 ιι.

128 563 175 619 eet
195 555 318 638 imago
341 552 464 617 'serici
486 551 919 638 ellectum-expressa
941 571 1007 637 per
1027 549 1199 635 acquali-

130 662 241 720 tatem
271 663 494 744 temporum
516 654 690 741 symmetria
711 662 827 734 ιιιιιι,
849 651 973 738 imago
995 651 1118 715 seriei
1138 673 1200 717 eo·

130 757 371 822 laurentium
403 755 581 843 partium,
616 754 826 843 spatiorum
858 752 1097 839 aequalitate
1135 774 1200 817 ex.-

129 879 273 946 pressu.

505 1000 818 1011 —an-n-oo—-m—u———d

547 1189 683 1265 oml’.
715 1189 782 1262 11.
865 1219 869 1227 ·

336 1331 392 1404 Dc
420 1334 529 1422 arsi,
557 1330 690 1422 thesi,
717 1340 759 1402 et
784 1331 995 1404 anaorusi.

608 1515 643 1602 §-
667 1515 718 1582 lo.
787 1541 791 1549 ·

191 1635 433 1699 Demonstratum
449 1640 505 1715 est,
524 1632 694 1720 primariam
712 1634 827 1698 numeri
840 1632 1089 1721 symmetriaeque
1099 1634 1199 1721 legem

127 1739 157 1803 in
192 1735 371 1824 aequalitate
406 1742 568 1823 temporum
601 1736 820 1824 spatiorumque
848 1735 974 1822 positam
1003 1757 1080 1802 esse.
1136 1735 1199 1802 Setl

126 1837 184 1902 etsi
213 1837 280 1901 sino
308 1836 364 1901 hac
386 1836 563 1924 aequalitate
591 1858 646 1901 nec
674 1858 812 1902 numerus
842 1837 970 1922 cogitari
998 1845 1112 1928 potest,
1144 1859 1199 1905 uec

126 1939 310 2027 symmetria,
331 1944 429 2028 tamen
451 1936 501 2024 qui
523 1959 679 2018 numerus,
707 1958 819 2024 quaeve
846 1939 1019 2025 symmetria
1045 1939 1102 2004 luae
1134 1940 1199 2004 sola'

126 2054 289 2129 temporum
311 2040 531 2129 spatiorumque
552 2039 729 2125 aequalitate
751 2039 928 2122 continetur,
949 2062 1019 2129 pars
1041 2048 1087 2105 est
1107 2041 1199 2106 seriei

126 2141 272 2226 infinitae,
293 2163 388 2229 neque
410 2149 461 2207 out
481 2140 598 2205 initium
621 2148 671 2205 aut
693 2141 780 2205 linem
803 2141 900 2205 habet.
923 2140 964 2210 Vt
980 2163 1130 2224 uumerus,
1148 2142 1198 2230 qui

127 2244 421 2331 repercussionibus
444 2241 643 2322 tintinnabuli,
665 2241 770 2329 quibos
794 2243 824 2306 iu
848 2243 1007 2329 horologio
1031 2244 1122 2308 horae
1143 2231 1198 2307 uu·

126 2351 293 2424 merantnr3
322 2343 369 2409 rel
390 2345 580 2433 symmetria,
603 2365 678 2431 quac
699 2350 745 2409 est
766 2344 796 2409 in
818 2346 898 2410 serie
920 2347 1076 2429 arborum,
1099 2345 1197 2410 altito-

126 2446 213 2528 liuc,
234 2445 348 2530 forma,
375 2444 539 2511 intervallis
561 2445 686 2534 parium.
743 2445 831 2519 ocati
858 2447 889 2511 in
917 2467 1040 2512 numero
1070 2467 1199 2534 symme-

127 2549 221 2613 triave
241 2555 454 2639 apertomlest,
475 2545 549 2611 nihil
570 2546 613 2610 ita
635 2554 685 2611 ant
706 2545 832 2632 primum
854 2556 904 2613 aut
923 2558 1105 2637 postremum
1118 2567 1199 2630 esso,

127 2648 197 2735 quin
218 2655 268 2713 ιιι
289 2647 360 2712 auti
381 2647 509 2735 aliquid,
538 2656 588 2712 aut
610 2646 727 2713 detrahi
748 2656 851 2734 queat,
878 2648 958 2714 nullo
980 2647 1096 2714 numeri
1116 2668 1198 2735 sym·

127 2749 287 2815 metriaevc
307 2747 493 2816 detrimento.
1194 2761 1203 2769 ·

604 2884 641 2970 §-
669 2884 720 2951 ιι.
767 2888 770 2895 ’

213 3004 299 3079 ouon
320 3004 348 3068 si
371 3002 436 3090 quis
458 3009 504 3087 est
525 3023 681 3086 numerus,
709 3012 760 3069 aut
784 3004 811 3068 si
834 3025 890 3090 qua
911 3004 1101 3090 symmetria,
1122 3026 1197 3092 quoe

128 3129 188 3174 uon
209 3107 249 3172 eit
270 3106 403 3187 infinita,
425 3103 526 3192 quales
548 3126 687 3170 numeros
709 3105 934 3192 symmetriasvo
956 3105 1084 3170 inveniri
1106 3128 1197 3196 expe*

128 3207 238 3274 mentia
259 3207 355 3288 docet,
376 3205 487 3294 aliquid
497 3207 528 3270 in
540 3206 613 3295 ipsis
625 3228 703 3290 esse,
725 3205 802 3294 quod
819 3206 982 3270 absolutum
1002 3207 1052 3288 sit,
1073 3229 1198 3274 necesse

129 3318 206 3374 est..
226 3308 283 3373 Est
303 3317 400 3373 autem
421 3309 452 3372 in
474 3308 554 3373 serie
575 3329 746 3374 caussarum
768 3328 804 3373 ea
826 3327 933 3372 caussa
953 3308 1098 3390 absoluta,
1121 3331 1197 3397 quae

127 3431 186 3476 non
209 3417 255 3474 est
276 3408 383 3475 effecto
405 3411 441 3474 alr
463 3409 523 3474 alia
544 3431 659 3491 caussa,
682 3410 734 3476 seul
757 3409 882 3475 aliarum
904 3409 970 3498 ipsa
989 3410 1194 3492 efficiens;‚in

127 3511 256 3600 partium
283 3511 546 3599 comprehensione
574 3520 671 3578 autem
699 3533 735 3576 ea
760 3533 830 3601 pars
859 3510 995 3583 absoluta
1024 3519 1086 3594 est,
1120 3534 1196 3599 quoe

127 3633 187 3678 non
209 3615 255 3676 est
275 3620 435 3701 propterea
455 3633 540 3702 pars,
568 3613 637 3698 quia
669 3612 800 3679 eiustlem
827 3612 873 3678 rei
903 3613 992 3678 etiam
1021 3613 1099 3678 aliae
1127 3623 1196 3679 sunt

126 3719 238 3802 partes,
258 3711 312 3778 sed
332 3722 454 3802 propter
475 3734 561 3801 quam
587 3715 659 3780 illae
686 3723 773 3799 sunt,
801 3716 820 3780 i.
844 3736 870 3780 e.
901 3715 985 3780 cuius
1007 3715 1078 3781 illae
1098 3715 1196 3804 ipsius

126 3821 226 3900 partes
248 3820 327 3879 suut.

599 3900 635 3986 ς.
666 3902 716 3967 ιι.

140 4042 143 4047 ·
211 4014 274 4081 set
295 4016 434 4102 quonium
460 4018 544 4085 nulla
569 4025 617 4084 est
636 4026 861 4107 caussa,'quae
888 4040 948 4085 non
967 4019 1076 4086 effecta
1095 4020 1137 4085 sit
1157 4021 1195 4085 ali

128 4115 187 4181 alia
208 4137 325 4202 cerum,
346 4117 484 4206 noloque
504 4122 554 4186 ‘rer
574 4127 675 4209 partes
697 4120 826 4204 habens,
857 4143 932 4209 quac
953 4141 1012 4186 nou
1034 4122 1195 4210 ipsasque·
