2654 4786
130 379 194 462 ἢ
369 400 632 496 ‘²'''³⁴·=¹tm.·tu.
660 406 744 469 ‘osa
762 408 835 467 niti.

319 852 320 856 Ν
515 706 956 851 οΑΡζΧιιι.”ᾗλ,

196 903 254 975 De
289 901 452 994 orthio,
486 904 690 976 trochaeo
725 913 935 996 semente,
969 925 1138 1000 paeone

573 1021 756 1117 epibata.
927 1054 931 1061 ·
976 1050 1051 1088 vr.
1098 1064 1101 1069 ·
1180 1034 1197 1075 ’ὓ

596 1221 630 1306 s.
657 1220 729 1294 soa.

213 1355 328 1422 Musici
361 1376 526 1421 mensura-m
555 1364 717 1444 temporum
747 1356 872 1422 subinde
899 1357 946 1421 vet
980 1356 1201 1440 accelerabant,

130 1459 178 1524 vel
204 1459 377 1540 tardabant,
405 1478 479 1544 quae
508 1455 585 1524 'ratio
614 1457 716 1540 ἀγωγὴ
744 1456 1023 1549 vocabaturtiunde
1045 1456 1126 1522 ideni
1148 1476 1201 1546 pes

130 1561 203 1624 alibi
225 1558 315 1624 multo
339 1559 468 1639 brevior,
490 1559 560 1623 alibi
583 1560 674 1624 multo
698 1559 811 1623 tardior
833 1570 906 1624 erat.
940 1560 1107 1637 Praeterea
1129 1580 1199 1625 vero

130 1660 218 1724 etiam
242 1661 388 1724 mensuris
411 1662 565 1724 utebantur
586 1661 721 1747 pluribus
749 1682 833 1746 quam
857 1660 972 1725 metrici
995 1661 1035 1742 (v.
1060 1664 1094 1750 ξ.
1117 1661 1199 1744 29.);

129 1761 161 1823 in
194 1782 250 1845 quo
284 1782 395 1847 genere
430 1758 635 1825 memorabiles
667 1751 736 1826 'sont
765 1761 856 1848 pedes
885 1761 1040 1826 orthius
1068 1770 1099 1826 et
1121 1771 1199 1827 tro·

129 1861 268 1925 chaeus
290 1862 505 1943 sumamus,
539 1883 660 1947 quorum
689 1869 812 1947 uterque
839 1883 877 1925 ex
908 1861 1021 1926 duabus
1053 1864 1198 1950 partibus,

128 1982 188 2026 una
210 1962 472 2051 quattuor‚=altera
494 1972 560 2026 octo
584 1970 746 2046 temporum
768 1964 932 2049 eoustobat,
955 1963 1100 2032 brevine
1115 1970 1198 2052 parte

128 2062 159 2126 in
184 2064 309 2128 orthio
332 2063 544 2151 praecedente,
572 2063 603 2153 in
632 2064 812 2129 trochaeo
841 2072 1007 2129 semente
1036 2072 1196 2152 sequente:

128 2164 205 2228 uude
236 2165 299 2247 hie,
332 2173 364 2229 ut
397 2164 492 2252 ipsum
526 2184 633 2228 nornen
668 2165 796 2257 iudicat,
827 2164 985 2255 trochaeo,
1017 2163 1083 2229 itte·
1103 2162 1207 2231 autem'

128 2248 355 2330 remanemus
378 2273 432 2330 est.
773 2270 795 2283 ·'
921 2270 926 2283 ·
963 2270 965 2275 ·
1066 2272 1100 2281 ··

597 2415 727 2506 §.buch
762 2503 765 2508 ,
933 2486 937 2500 «
1071 2500 1075 2507 .

92 2545 98 2549 ’
212 2550 279 2616 Hos
299 2551 391 2641 pedes
413 2553 468 2617 etsi
492 2553 618 2634 metrici,
640 2553 690 2638 qui
710 2552 1006 2639 solamayhaharam
1019 2573 1196 2619 mensuram

127 2652 309 2741 respiciunt,
337 2649 410 2716 nihil
439 2666 558 2736 curant,
586 2656 684 2718 tamen
712 2662 758 2717 est
786 2653 835 2717 ubi
865 2662 1104 2742 usurpatos'eos
1133 2676 1196 2732 osse

126 2756 194 2843 ipsa
215 2775 350 2818 versuum
373 2755 450 2819 ratio
470 2763 622 2820 monstret.
665 2756 743 2819 Nam
765 2776 852 2840 quum
874 2756 904 2818 iu
927 2756 1103 2842 quibusdam
1121 2767 1196 2823 stro-

126 2857 251 2943 pharum
273 2856 433 2940 generibus
457 2878 532 2920 unus
552 2856 652 2921 duone
675 2856 863 2943 spondeioita
883 2857 974 2944 positi
995 2858 1195 2945 reperiantur,

128 2966 169 3038 ut,
191 2957 218 3021 si
241 2978 423 3021 communem
447 2979 614 3021 mensuram
638 2958 775 3038 habeant,
798 2959 978 3044 comparatio
997 2959 1195 3025 membrorum

127 3057 174 3122 vel
195 3057 339 3141 insoleus,
362 3058 407 3122 vel
431 3060 518 3123 etiam
542 3059 642 3145 inepta
665 3059 805 3138 exsistat3
828 3081 971 3145 quumque
982 3081 1034 3123 eos
1046 3062 1195 3149 spondeos

125 3158 192 3222 fere
212 3159 244 3222 in
266 3160 416 3225 vocabulis
444 3161 534 3225 etiem
561 3158 739 3225 adsensum
761 3161 901 3245 gravibus
925 3168 954 3224 et
976 3182 1115 3247 magnam
1139 3164 1195 3227 vim

125 3260 301 3325 habentibus
319 3254 465 3327 'adhiberi
488 3262 653 3327 videamus:
683 3269 909 3325 cousentaneum
933 3273 987 3343 est,
1011 3262 1196 3346 existimare,

125 3383 184 3426 non
213 3384 281 3426 esse
303 3384 355 3428 eos
378 3363 517 3449 vulgares
540 3362 688 3450 spondeos
711 3370 917 3449 quaternorum
940 3371 1120 3451 temporum,
1144 3365 1194 3430 sed

125 3464 283 3527 trochaeos
305 3473 453 3530 sementes
476 3464 696 3545 duodenorum,
725 3465 828 3552 quibos
851 3487 887 3529 ea
908 3466 1106 3531 membrorum
1128 3486 1194 3554 pro-

124 3563 222 3652 portio
245 3571 275 3627 et
297 3566 477 3655 comparatio
500 3566 676 3647 restituitur,
698 3566 729 3630 in
752 3588 808 3651 qua
830 3566 975 3649 rihhart,
999 3560 1194 3655 quod‘repre·

125 3663 216 3730 heodi
242 3664 348 3752 possit
397 3666 501 3731 Inveni
530 3673 628 3739 autem
658 3689 748 3752 usqua
775 3666 871 3731 adhuc
898 3677 1008 3732 tantum
1037 3664 1113 3754 quo's
1136 3677 1195 3733 tro·

125 3767 234 3832 abacos
246 3775 408 3850 semantos,
429 3756 558 3831 noudum
570 3789 642 3853 quos
655 3768 770 3832 orthius
785 3789 852 3832 esse
868 3766 1021 3856 probabile
1033 3762 1193 3835 uideretur.

30 3847 33 3851 ’
124 3867 213 3934 rino.
234 3868 326 3954 ayo.
349 3867 375 3932 1.

207 4008 264 4077 τᾶς
286 3997 473 4082 ἀκούει-μὲν
493 3999 584 4082 βάσις
605 3998 877 4086 ἀγλαΐας-ἀρχά,

209 4105 423 4169 πάθον-ται
445 4103 472 4167 δ’
496 4101 594 4168 ἀοιδοὶ
616 4102 759 4186 σάμασιν·
