2654 4786
546 395 777 452 namucno.
1177 382 1199 448 3

130 547 207 613 alind
231 570 271 615 ex
293 546 354 613 alio
375 559 552 630 nascuntur,
580 569 636 613 nec
655 549 754 638 spatia
775 548 842 637 ipsa
868 547 929 615 alia
950 548 1076 619 oliorum
1097 560 1199 639 partes

62 692 64 696 -
130 659 210 716 sont:
234 649 459 738 descriptiones
472 671 575 716 eorum
596 650 637 716 ita
659 662 844 739 comparatas
867 672 935 717 esee
956 661 1147 735 uecesseost,
1167 663 1199 720 ut

129 753 212 840 ipsae
234 774 289 840 per
309 774 342 817 se
363 751 523 837 imaginem
545 750 707 817 exhibeant
727 773 824 818 rerum
847 751 1012 820 efficientia
1033 754 1199 822 velcohae·

130 854 225 918 rentia
247 853 457 942 copulatarum.
506 852 609 939 ltaque
636 854 695 918 iam
717 875 857 918 numerus
884 864 931 919 est
957 854 1082 944 imago
1105 856 1198 923 efii-

131 954 298 1020 cientiae
315 976 381 1042 per
397 965 563 1042 tempora
578 964 887 1043 repraesentata3
902 958 1077 1043 symmetria
1089 967 1197 1040 autem,

132 1055 253 1142 imago
277 1055 552 1122 cohaerentiae
573 1064 866 1145 repraesentata
886 1079 955 1146 per
976 1060 1111 1146 spatia.

211 1306 280 1374 Nou
310 1318 524 1398 potestantem
553 1310 641 1378 aliter
668 1311 698 1377 io
720 1309 795 1399 ipsis
824 1310 1006 1400 temporibus
1034 1313 1198 1400 spatiisque

129 1431 269 1499 expressa
290 1432 434 1499 apparere
456 1411 557 1499 imago
579 1412 679 1501 aliqua
706 1411 887 1477 efficientiae
909 1411 956 1476 vel
977 1412 1197 1497 cohaerentiae,

130 1511 184 1578 uisi
206 1512 387 1601 temporibus
409 1514 571 1602 spatiisque
593 1535 629 1579 ea
649 1513 843 1603 proportione
864 1513 1032 1602 descriptis,
1055 1537 1129 1601 quae
1150 1515 1198 1581 vel

128 1614 204 1681 iuter
225 1635 349 1681 caussas
369 1614 619 1701 atque‘effectus,
647 1614 693 1681 vei
715 1614 793 1681 inter
814 1622 914 1704 partes
936 1615 1128 1683 cohaerentia
1148 1638 1198 1682 co=

130 1716 243 1804 palatas
265 1725 322 1783 est.
353 1715 400 1784 Ea
419 1716 574 1806 proportio
596 1723 692 1785 autem
714 1715 745 1780 in
768 1716 1001 1804 aequalitate
1021 1717 1123 1807 posita
1142 1726 1198 1786 est.

127 1817 200 1885 Nam
224 1839 320 1906 neque
333 1839 439 1886 caussa
451 1817 677 1905 effectumque
695 1817 820 1887 effectus
840 1841 948 1887 caussa
967 1829 1019 1889 aut
1031 1818 1128 1900 maior
1147 1831 1199 1889 aut

128 1919 222 1986 minor
243 1941 311 1987 esse
332 1929 439 2010 potest.
482 1919 578 1994 Quum
600 1920 678 1985 enim
701 1920 798 1986 omnis
819 1920 960 2004 mutatio,
988 1942 1053 2007 qua·
1066 1923 1199 1991 cernitur

127 2021 266 2104 effectus,
300 2045 340 2089 eu
365 2021 505 2090 conflictu
532 2020 637 2088 virium
664 2011 869 2109 oppositarum
896 2022 1026 2103 oriatur3
1059 2021 1200 2110 mpuales

127 2133 221 2189 autem
245 2123 403 2196 viressihi
428 2122 583 2212 oppositae
604 2123 742 2212 seipsae
763 2124 937 2206 cohibeant,
965 2145 1021 2190 uec
1047 2125 1114 2191 fieri
1136 2147 1198 2193 mu·

126 2225 265 2293 ationem
283 2224 448 2314 patiantur:
470 2245 594 2291 necesse
615 2233 672 2305 est,
693 2225 837 2313 oppositis
859 2225 1064 2313 inaequalibus
1073 2224 1198 2309 viribus,

128 2333 236 2395 tantum
247 2326 385 2416 superari
396 2327 530 2410 aiteram,
544 2327 926 2416 quantumalterasuperat:
950 2349 1006 2414 qna
1018 2327 1199 2416 legenihitur

128 2429 223 2495 omnis
245 2427 428 2511 mechanica,
448 2449 524 2515 quae
546 2438 677 2495 vocatur.
699 2426 785 2506 uoou
807 2429 834 2493 si
856 2449 947 2517 saepe
959 2427 1068 2496 effecta
1080 2429 1196 2498 caussis

126 2528 169 2598 rel
191 2530 308 2598 maiora
329 2530 377 2596 uel
398 2530 515 2599 minora
536 2531 681 2612 videntur,
702 2529 733 2594 id
750 2551 792 2598 ¹eo
815 2530 859 2614 fit,
880 2529 957 2618 quod
976 2530 1021 2598 vel
1039 2551 1138 2599 rerum
1152 2530 1199 2599 ui-

125 2633 250 2705 venias
271 2635 520 2722 comparationem
553 2652 611 2700 nou
640 2631 787 2714 admittit,
821 2632 869 2701 vel
889 2631 996 2700 virium
1016 2632 1199 2701 incrementa

126 2740 211 2821 atque
233 2733 444 2824 impedimenta
465 2735 567 2799 latent.
596 2733 683 2802 Vnde
705 2755 780 2819 quae
802 2734 936 2802 nascitur
956 2734 1087 2817 usitatio,
1108 2732 1200 2802 simui

126 2845 154 2900 et
173 2835 375 2924 ignorantiam
397 2845 545 2919 nostram,
568 2844 597 2900 et
618 2836 844 2917 necessitatem,
866 2856 923 2921 qua
944 2834 1051 2899 effecta
1072 2836 1199 2921 requini·

126 2957 186 3002 mus
209 2937 325 3003 caussis
347 2937 493 3025 aequalia,
515 2938 694 3026 comprobat.
743 2935 846 3022 ltaque
875 2956 1013 2999 numerus
1035 2943 1081 2998 est
1101 2935 1198 2999 effi-

125 3030 273 3104 cientia
293 3039 649 3129 peraequaiitatem
666 3044 874 3126 temporum
892 3042 1196 3122 repraesentata·

126 3138 238 3207 Eodem
260 3139 348 3207 modo
370 3154 525 3232 corporum
549 3140 739 3205 cohaerentia
760 3134 937 3224 aequaiitate
958 3134 1071 3201 nititur.
1119 3136 1198 3203 Nam

126 3240 208 3330 qaum
234 3244 426 3309 cohaerentia
446 3238 672 3308 s'it'aoiumuu'io
694 3240 839 3329 partium,
860 3248 1013 3303 commuue
1040 3247 1138 3304 autem
1159 3239 1199 3305 sit

126 3340 207 3425 ittae,
224 3344 302 3432 quoti
319 3344 350 3410 in
367 3345 501 3411 omnibus
523 3340 656 3434 partibus
673 3341 751 3407 idem
773 3340 889 3427 sibique
911 3361 966 3428 par
977 3347 1038 3404 est:
1061 3360 1197 3406 necessa·

128 3444 199 3511 mum
218 3456 275 3528 est,
293 3454 323 3511 nt
335 3447 536 3530 cohaerentia,
555 3451 628 3534 quae
643 3444 707 3510 soie
721 3440 1036 3532 corporumhgura,'i.
1048 3464 1073 3505 e.
1087 3443 1199 3534 spatio·

128 3542 190 3612 rum
213 3546 414 3638 descriptione
436 3549 630 3638 exprimatur,
651 3550 806 3613 commune
828 3543 900 3608 thud
918 3543 953 3607 in
976 3541 1198 3632 comparatione

130 3648 243 3738 aequali
267 3651 429 3743 spatiorum
453 3650 580 3717 haheat·
617 3649 721 3736 itaque
750 3645 923 3736 symmetria
945 3645 1197 3710 cohaerentia

129 3768 173 3816 est
193 3775 262 3842 per
283 3752 561 3840 aequalitatem
584 3751 789 3840 spatiorum
812 3754 1118 3837 repraesentata.

602 3954 615 3967 ..
641 3951 653 3970 .
677 3903 720 3975 9,-

212 4024 258 4089 ita
274 4023 422 4089 -unirerss
442 4023 555 4089 nomem
566 3903 819 4112 reprimentiaque
827 4026 937 4085 natura
953 4013 1088 4096 definita,
1108 4034 1196 4099 quum

128 4119 164 4187 hu
176 4125 470 4214 singolis-numeris
490 4120 867 4212 figurisquesynmatricis
879 4118 1038 4272 inpuinlupr,
1055 4136 1197 4185 numeras
