2654 4786
386 380 879 437 nuvnusrnrsnoonnnncrs.
1120 364 1164 433 97

567 529 696 616 assa

180 662 275 751 Sequi
306 663 470 729 dochminm
503 663 691 731 ditrochaeus
725 664 842 731 videtur
873 664 949 755 apud
977 665 1161 755 Aeschylum

94 765 206 854 Agam.
228 764 321 832 1132.

181 878 335 958 ξυνανύτει
355 882 427 956 βίον
448 875 557 959 liuto}
577 881 695 968 αὐγαῖς.

561 1065 597 1152 a.
619 1066 691 1133 eso.

180 1200 296 1266 Multae
314 1210 470 1290 praeterea
486 1201 564 1266 aliae
582 1201 772 1267 inveniuntur
790 1200 991 1269 dochmiornm
1003 1223 1067 1267 cum
1087 1202 1163 1268 anti·

94 1303 206 1390 spastis
233 1303 359 1390 aliisque
387 1303 518 1368 inumeris
546 1303 803 1386 consociatioues,
837 1310 868 1369 ut
899 1302 1034 1369 dochmio
1064 1305 1161 1369 medio

93 1404 174 1470 inter
195 1404 388 1492 antispastum
411 1414 441 1469 et
462 1404 637 1485 diiambum,
659 1403 735 1493 apud
758 1403 870 1471 Aescu.
890 1403 1025 1493 Choeph.
1047 1402 1098 1469 24.

181 1518 225 1584 δι’
249 1522 359 1597 αἰῶνας
380 1520 413 1584 δ’
438 1523 572 1606 ἰυγμοῖσι
592 1517 736 1600 βόσκεται
758 1521 843 1606 κέαρ.

564 1705 600 1792 s.
621 1705 694 1773 aar.

180 1838 342 1906 Bacchiaci
362 1840 493 1923 numeri,
520 1839 570 1928 qui
596 1840 743 1906 interdum
766 1842 928 1907 consociati
949 1842 1094 1909 dochmiis
1116 1864 1164 1908 re·

92 1942 267 2032 pariuntur,
299 1963 384 2027 quum
413 1941 542 2007 indolem
570 1941 657 2030 plane
688 1942 777 2007 aliam
806 1951 836 2007 et
861 1964 921 2008 non
949 1952 1162 2030 congruentem

92 2065 160 2109 oum
181 2040 449 2109 dochmiislnabera
461 2042 626 2127 videantur,
648 2042 829 2109 dochmiauis
845 2044 1093 2132 hypercatalectis
1112 2043 1163 2109 ad·

92 2143 246 2209 numerari
272 2150 412 2231 praestat
466 2143 513 2208 Au
540 2165 632 2232 saepe
659 2146 715 2211 duo
743 2144 912 2210 huiusmodi
939 2144 1103 2210 dochmiaui
1131 2147 1162 2209 iu

93 2266 184 2310 unum
211 2264 328 2309 versum
354 2244 588 2331 coniunguntur,
622 2245 673 2332 qui
707 2267 847 2311 mensura
877 2266 1000 2334 prorsus
1036 2268 1092 2335 par
1118 2255 1164 2311 est

94 2352 269 2412 tetrametro
292 2344 470 2428 Barchinon,
492 2345 545 2410 sel
567 2367 689 2412 numero
711 2345 945 2412 diversissimus:

196 2477 473 2548 υίΙ-ἸυΔ-Ηυέ
488 2479 493 2549 Ι
506 2480 525 2520 L
539 2480 543 2549 Ι
557 2479 629 2526 υἱ...

93 2615 208 2683 Aeseh.
229 2613 316 2679 Eum.
337 2614 408 2681 791.
429 2613 501 2680 821.

181 2727 328 2811 στενάξας
349 2732 382 2795 τί
401 2729 494 2818 ῥέξω
515 2730 663 2816 γένωμαις
685 2727 840 2808 taguma.

93 2869 157 2935 Sed
180 2889 272 2957 saepe
293 2867 382 2933 etiam
403 2866 566 2935 solutiones
594 2867 699 2933 habet:
732 2866 837 2957 Eurip.
859 2866 975 2934 Troad.
997 2865 1069 2933 320.
1089 2865 1162 2931 336.

180 2984 344 3070 ἀναφλέγω
364 2983 461 3070 πυρὸς
481 2990 548 3071 φῶς
569 2984 599 3058 ῖς
620 2980 727 3066 αὐγάν,
749 2985 780 3059 ἐς
800 2983 918 3066 αἴγλαν.

180 3087 348 3172 μακαρίαις
369 3084 489 3163 ἀοιδαῖς
509 3089 629 3167 languis
649 3109 681 3149 τε
699 3082 833 3170 νύμφαι.

565 3268 601 3355 a.
622 3269 696 3336 aaa.

182 3405 217 3470 ln
251 3407 310 3472 fine
335 3413 432 3472 autern
461 3414 511 3471 ant
541 3404 589 3471 his
610 3404 877 3493 hypercatalectis,
911 3411 963 3469 aut
988 3400 1163 3490 vulgaribus

95 3507 244 3573 loehmiis
265 3529 351 3573 uuum
374 3505 465 3572 adiici
486 3505 646 3571 Bacchium
668 3505 742 3591 nillil
763 3505 910 3595 prohibet
937 3504 986 3569 Ita
1005 3502 1037 3569 in
1058 3502 1163 3568 Rheso

94 3631 124 3677 v.
145 3607 220 3675 706.
242 3608 316 3692 (nisi
337 3609 368 3674 hi
391 3630 460 3674 vero
481 3607 641 3673 Bacchiaei
662 3606 765 3688 suntl:

183 3727 282 3802 δοκεῖς
300 3722 378 3812 γάρς
399 3728 431 3791 τί
448 3725 512 3809 μὴν
533 3722 584 3803 οὕς
605 3724 729 3805 θρασὺς
748 3730 824 3808 γοῦν
844 3725 876 3799 ἐς
896 3719 988 3804 ἡμᾶς.

182 3826 236 3893 tls'
260 3825 373 3912 ἀλαήις
392 3825 445 3893 τίν’
470 3830 576 3904 uteru,-
594 3825 740 3908 Ὀδυσσῆ.

94 3963 176 4028 Nam
197 3963 226 4028 is
246 3961 395 4029 Bacchius
416 3985 475 4030 non
495 3969 643 4052 repugnat
662 3982 785 4026 numero
805 3958 995 4038 loconiaco,
1023 3954 1093 4041 qula
1114 3973 1162 4017 oa·

95 4063 208 4130 talexis
243 4064 416 4130 dochmiaoa'
448 4075 501 4130 est.
558 4063 687 4130 Omnino
722 4063 803 4128 enirn
833 4057 1012 4212 lucumonis
1039 4054 1064 4119 ii
1096 4053 1162 4118 feru
