2654 4786
127 364 189 432 112
482 382 825 439 nm.n.ose.xx1v.

30 513 32 518 ,
126 540 157 600 et
176 534 208 600 in
230 539 364 622 systema
385 532 518 602 collectis
539 532 688 622 pluribus,
709 554 832 599 numero
854 538 1047 623 perpetnnto,
1072 540 1106 599 nt
1127 533 1193 599 nlti-

126 657 191 699 mus
211 657 265 723 pes
288 657 346 701 non
369 635 428 700 nisi
450 641 501 700 aot
522 633 655 722 dactylos
676 641 727 700 aut
747 635 896 724 spondeus
918 655 985 699 esse
1005 643 1120 718 posset.
1139 633 1193 700 Sic

126 736 186 801 iam
213 735 318 822 lyrici,
347 744 378 801 ot
405 734 551 819 Alcman,
577 736 626 822 qui
654 742 731 801 totas
757 736 896 825 strophas
919 735 976 803 hoc
997 749 1093 803 metro
1115 757 1193 801 eom-

125 837 241 927 posuit:

213 995 318 1074 Mnio',
340 993 403 1080 cipe,
425 990 602 1070 Καλλιόπα,
626 992 763 1080 θύγατερ
785 992 872 1074 Διός,

211 1093 278 1179 ἄρχ’
303 1099 419 1180 ἐρατῶν
440 1095 545 1179 ἐπέων,
568 1092 617 1161 ἔπι
639 1094 667 1159 δ’
688 1096 797 1180 λ’μερον

211 1195 297 1286 ύμνῳ
318 1200 371 1265 καλ
390 1198 534 1282 χαρίεντα
554 1199 634 1262 τίθει
652 1193 756 1282 χορύ.

127 1373 258 1469 Tragici
280 1375 443 1463 comieiqoe
463 1375 495 1440 in
518 1373 739 1462 antistrophicis
761 1373 922 1462 diligenter
942 1394 1111 1462 exaequare
1132 1372 1195 1439 sin·

127 1476 215 1563 gulos
235 1476 327 1565 pedes
350 1477 458 1560 solent,
480 1483 511 1541 ot
532 1475 651 1565 dactylo
668 1476 812 1564 dactylus,
834 1474 965 1564 spondeo
980 1475 1132 1565 spondens
1146 1496 1195 1540 re·

126 1577 279 1666 spondeat
324 1578 462 1643 Catalexi
483 1560 675 1665 systematum
697 1596 775 1643 none
795 1577 942 1664 dactylica
962 1578 993 1642 in
1015 1576 1196 1664 disyllabum

126 1685 256 1760 utuntur,
277 1699 356 1743 nnnc
376 1679 452 1744 alios
475 1680 596 1766 generis
618 1698 735 1743 versum
756 1679 928 1745 continuant
947 1698 1072 1743 numero
1093 1677 1197 1766 dacty-

126 1777 202 1860 lico,
223 1800 302 1843 none
330 1780 452 1868 abrupto
481 1779 628 1866 dactylico
655 1779 876 1861 numeroso}
906 1788 939 1846 nt
959 1779 1118 1867 ancipitem
1142 1801 1197 1844 ex-

126 1879 291 2046 ῧοξοοὲὲθ
299 1878 379 1946 aliod
408 1888 535 1953 metrum
556 1880 726 1947 subiiciunt.
781 1880 849 1947 Hoc
876 1879 948 1947 lecit
973 1880 1196 1970 Aristophanes

159 2004 205 2047 o.
292 2029 299 2047 .

157 2138 160 2145 “
210 2121 276 2188 ἀλλ’
288 2112 537 2204 ιἀποσεισάμεναι
557 2123 650 2209 νέφος
671 2121 801 2210 ὄμβριον

209 2222 372 2300 ἀθανάτας
392 2223 486 2307 ἰδίας,
508 2221 686 2307 ἐπιδώμεθα

252 2321 428 2413 τηλεοκύαῳ
450 2323 566 2407 ύμματι
585 2335 686 2410 γαῖαν.

128 2499 204 2566 nona
226 2500 392 2588 Sophocles
414 2458 519 2589 Λαὶς.
540 2502 613 2569 ase.

209 2641 357 2728 ἀφθιτον,
378 2622 541 2723 ἀκαμάταν
561 2641 756 2731 ἀποτρύεται,

211 2743 377 2826 ἰλλομένων
398 2741 536 2830 ἀρότρων
558 2744 625 2823 ἔτος
646 2749 688 2824 εἰς
708 2744 785 2823 ἔτος,

253 2845 360 2933 ἱππείῳ
381 2847 456 2930 ytres
478 2843 623 2912 πολεύων.

126 3022 289 3090 Caesonem
312 3044 373 3088 non
395 3022 505 3087 habent
525 3022 558 3087 hi
579 3024 753 3089 tetrametri.
774 3022 832 3111 Vei
852 2982 896 3088 iis¹
913 3022 1002 3089 etiam
1014 3023 1199 3093 Latinorum

126 3132 156 3189 et
175 3125 295 3212 tragici,
318 3130 348 3188 nt
368 3124 468 3195 Attius
490 3147 537 3213 ap.
559 3125 692 3190 Nomia
713 3147 740 3189 v.
763 3124 935 3213 expergite:

210 3265 279 3330 beel
300 3267 438 3357 vigiles,
455 3269 663 3356 properdte,
685 3274 882 3356 expergete,

208 3373 360 3458 pectora,-
377 3370 485 3433 torda
506 3369 640 3454 sopore,
663 3371 862 3461 exsurgite,

126 3551 157 3609 et
177 3543 294 3619 comici,
316 3550 346 3608 nt
366 3545 530 3610 Terentius
552 3545 646 3612 Andr.
668 3545 722 3615 lv.
745 3547 775 3629 l,
797 3546 826 3612 l.
849 3546 952 3629 semel,

208 3682 351 3751 ἀύοοιλνα
372 3678 540 3752 ονοάι“ύν’ῐο
560 3695 625 3755 uolt
644 3688 874 3771 memorabile.
1002 3709 1004 3711 ’

125 3861 216 3951 Apud
244 3861 377 3930 Graecos
400 3862 533 3951 tragicos
562 3864 732 3952 systematis
759 3871 996 3932 tetrametrornm
1024 3864 1115 3930 etiam
1147 3866 1196 3931 di-

125 3965 212 4028 metri
244 3975 274 4030 et
309 3964 475 4055 hexametri
502 3965 656 4031 acatalecti
684 3967 864 4034 inserantur.
921 3965 1001 4036 vioe
1028 3965 1090 4065 55.
1117 3967 1194 4034 293.

126 4072 156 4129 et
176 4065 248 4133 300.
