2654 4786
372 394 420 452 nu
438 399 535 468 ussa,
558 399 686 468 usust,
710 400 760 454 ur
775 399 966 454 anscauso.
1179 384 1201 447 a

132 574 188 640 que
221 574 293 641 pars
324 552 365 616 sit
396 551 473 616 alius
504 551 564 615 rei:
597 559 737 640 apparet,
768 551 921 618 relativam
953 573 1021 616 esse
1043 554 1202 618 notionem

133 672 257 720 caussae
278 653 431 742 partisque
451 652 615 735 absolutae,
637 653 657 718 i.
672 674 699 718 e.
722 651 810 719 talem
833 675 897 719 eam
919 674 1054 719 caussam
1075 661 1203 741 partum·

131 776 189 843 que
210 755 352 842 intelligi,
373 776 448 841 quae
468 775 528 819 nou
548 775 604 842 per
624 775 659 819 se
678 753 816 820 absoluta
833 755 885 837 sit,
907 753 961 820 seo
983 763 1104 839 tantum,
1126 755 1204 842 quod

132 858 168 923 ad
191 858 291 922 datam
313 857 440 941 aliquam
462 856 570 920 seriem
584 877 754 921 caussarum
767 856 815 921 vel
828 856 1064 945 complexionem
1074 857 1203 944 partium

132 961 247 1042 attinet,
271 957 405 1023 habenula
426 958 467 1023 sit
487 979 541 1045 pro
564 957 708 1041 absoluta,
730 956 808 1044 quia,
831 980 887 1045 quo
910 954 1202 1041 eamniti'dicamus,

132 1061 160 1124 iu
183 1061 252 1146 ipsa
272 1059 331 1124 ista
351 1059 430 1124 serie
452 1080 621 1123 caussarum
643 1057 689 1124 vel
712 1060 919 1148 complexione
939 1059 1065 1149 partium
1084 1081 1202 1124 nonre-

131 1162 274 1249 periatur,
285 1160 336 1226 sed
349 1160 468 1225 aliunde
477 1161 517 1225 sit
527 1160 729 1250 repetendum.
749 1160 791 1229 Vt
803 1161 830 1227 si
841 1160 953 1248 sagitta
962 1160 994 1225 iu
1006 1182 1111 1227 saxum
1122 1160 1203 1227 illisa

129 1262 295 1351 repellitur,
316 1283 420 1328 saxum
432 1261 523 1345 illud,
545 1262 621 1350 qnod
634 1261 671 1327 ad
690 1271 798 1328 motum
815 1263 944 1350 sagittae
960 1261 1075 1344 attinet,
1097 1283 1203 1327 caussa

130 1364 267 1429 absoluta
287 1363 390 1430 mutati
409 1371 507 1429 motus
529 1372 596 1446 est,
612 1362 679 1450 quia
702 1362 752 1429 lex
772 1363 840 1448 illa,
862 1387 918 1452 qua
939 1363 1051 1452 sagitta
1071 1364 1108 1428 ab
1130 1384 1201 1427 arcu

131 1465 240 1530 amissa
268 1480 417 1548 movetur,
450 1487 509 1529 uon
536 1471 635 1554 potest
661 1487 796 1531 caussam
823 1466 993 1548 continere,
1024 1486 1115 1552 quare
1141 1462 1201 1529 alia

131 1566 198 1655 lege
221 1589 258 1631 ea
280 1568 391 1654 sagitta
419 1575 583 1631 moveatur.
636 1563 677 1631 Et
704 1565 735 1630 in
763 1567 843 1632 serie
870 1568 1009 1632 arborum
1036 1565 1200 1653 aequalium

131 1667 304 1759 aequalique
327 1667 547 1757 comparatione
575 1667 785 1757 dispositarum
813 1669 841 1734 si
863 1691 921 1734 una
942 1669 1033 1734 arbor
1053 1666 1201 1756 magnitu-

131 1769 198 1835 dine
225 1777 297 1835 ante
324 1776 438 1836 ceteras
465 1769 590 1852 eminet,
617 1792 654 1834 ea
675 1771 785 1853 arbor,
807 1770 884 1857 quod
912 1770 950 1836 al
977 1768 1086 1835 seriem
1120 1768 1201 1835 illam

131 1872 268 1939 arborum
291 1860 497 1960 attiue't,'·pars
519 1870 565 1936 est
577 1872 722 1955 absoluta,
745 1872 814 1959 quia
825 1871 857 1938 in
869 1871 922 1937 illa
933 1869 1050 1959 aequali
1061 1872 1200 1938 arborum

131 1960 353 2061 comparatione
373 1966 448 2039 uilril
470 1993 537 2039 esse
558 1981 668 2063 potest,
689 1974 765 2060 q'uol
787 1994 875 2040 unam
898 1992 999 2039 earum
1020 1972 1112 2040 aliam¹
1129 1988 1201 2038 esse

132 2074 269 2161 postulet.
1164 2092 1167 2097 ·

603 2243 639 2330 a.
667 2160 718 2311 a

211 2376 299 2452 Quod
322 2377 349 2443 si
371 2377 403 2443 in
424 2380 555 2445 nuumeris
576 2380 727 2446 iuvenitur
736 2379 836 2468 aliqua
850 2400 956 2445 caussa
966 2380 1112 2463 absoluta,
1133 2398 1198 2460 eam

130 2480 216 2545 talem
245 2501 312 2545 esse
339 2500 463 2546 necesse
490 2489 553 2565 est,
579 2502 654 2569 quae
679 2481 881 2547 tantummodo
909 2490 1054 2570 umquam
1083 2500 1199 2562 caussa,

130 2582 289 2649 nonetiam
311 2595 456 2669 tamquam
473 2580 597 2648 effectus
619 2593 770 2671 appareat.
797 2583 889 2670 Atqui
912 2590 1028 2666 caussa,
1048 2604 1123 2672 quae
1136 2591 1200 2647 tau·

129 2683 276 2751 tummodo
297 2684 403 2750 caussa
423 2692 479 2768 est,
500 2684 577 2750 nihil
589 2693 635 2750 est
655 2685 716 2750 uisi
736 2683 782 2748 vis
803 2682 914 2767 aliquid
929 2684 1074 2751 efficiens.
1096 2683 1200 2771 ltaque

130 2808 234 2851 caussa
256 2785 393 2851 absoluta
412 2786 444 2850 iu
466 2786 596 2852 numeris
619 2786 647 2851 vi
670 2785 793 2873 quadam
806 2785 998 2874 exprimenda
1016 2787 1201 2851 contineatur

129 2909 253 2952 necesse
266 2894 322 2969 est,
344 2889 418 2973 quae
440 2888 549 2952 seriem
570 2887 878 2976 aliquam'temporum
891 2887 1022 2975 incipiat
1044 2887 1199 2968 ldautem,

129 3010 188 3074 quoi
205 2989 385 3076 exprimitur
405 3009 444 3055 ea
463 2989 524 3072 uis,
546 3011 606 3056 non
627 2998 726 3078 potest
745 3009 805 3054 non
834 2989 865 3054 iu
891 2989 1019 3053 fortiore
1046 2986 1199 3053 notatione

128 3089 263 3169 alicuius¹
276 3089 363 3154 unius
384 3090 526 3179 temporis
546 3091 783 3179 positumesse:
806 3088 894 3175 idque
915 3088 1029 3154 ictum
1050 3108 1197 3153 sommus.

128 3189 272 3278 Estergo
289 3190 391 3257 ictus
411 3192 457 3256 vis
477 3193 574 3257 maior
593 3193 626 3258 in
642 3191 773 3258 notando
786 3190 885 3277 aliquo
899 3198 1041 3279 tempore,
1063 3210 1199 3255 caussam

128 3292 219 3359 seriei
247 3294 418 3381 temporum
432 3291 596 3360 absolutam
617 3293 764 3359 iudicans.
806 3291 842 3357 ln
864 3291 1038 3379 symmetria
1053 3299 1150 3357 autem
1170 3291 1198 3355 si

127 3416 181 3480 qua
203 3415 277 3483 pars
297 3395 434 3460 absoluta
460 3395 622 3477 inuenitur,
643 3416 707 3461 eam
727 3393 823 3473 talem
850 3415 918 3459 esse
939 3414 1063 3458 necesse
1085 3403 1145 3474 est,
1167 3399 1199 3455 ut

127 3516 190 3561 eam
218 3495 293 3561 illud
323 3496 520 3578 esse,cuius
547 3504 647 3561 cetera
663 3504 774 3583 partes
795 3494 870 3578 sint,
891 3517 957 3575 ¹nou
984 3495 1073 3559 etiam
1090 3493 1197 3581 ipsum

127 3596 451 3683 ussealiquamunam
474 3598 683 3687 expertibus,
710 3606 862 3686 appareat
913 3595 1008 3684 Atqui
1034 3594 1082 3677 id,
1113 3593 1197 3658 cuius

128 3697 187 3763 ulia
208 3708 309 3786 partes
331 3712 415 3782 sunt,
443 3697 541 3764 unitas
563 3708 625 3781 ost,
657 3697 693 3763 ad
716 3720 802 3784 quam
822 3699 877 3765 illa
897 3699 997 3764 omnia
1016 3697 1196 3762 reseruntur.

128 3796 229 3885 ltaque
250 3820 321 3887 pars
343 3799 479 3865 absoluta
504 3800 536 3864 iu
558 3799 731 3888 symmetria
752 3800 864 3865 unitate
885 3800 984 3887 aliqua
1004 3792 1197 3886 exprimenda

129 3900 311 3982 continetur,
337 3901 374 3967 ad
403 3923 489 3988 quam
516 3922 621 3966 omnes
645 3902 808 3990 spatiorum
841 3901 1057 3989 descriptiones
1084 3895 1196 3961 relatae

130 4007 219 4065 totum
249 4002 320 4088 quill
347 4003 490 4068 efficiant
538 4001 710 4085 inlautum,
736 4025 793 4088 quo
822 4002 998 4091 exprimitur
1024 3998 1196 4079 saunitas,

130 4119 186 4173 nou
207 4109 305 4190 potest
325 4128 385 4173 nou
407 4105 439 4178 in
459 4116 567 4194 puncto
590 4124 658 4171 essu
680 4126 716 4171 eo
738 4103 885 4192 positum,
907 4102 983 4189 quod
1007 4101 1120 4190 pariter
1141 4099 1196 4165 toti
