2654 4786
352 400 400 453 ou
417 398 676 454 numunsnrcrs
695 398 968 456 rhamnorum.
1130 383 1192 451 149

594 551 629 638 ξ.
650 551 724 619 387.

213 687 360 774 Dactylus
382 687 469 753 etiam
492 686 568 752 alias
589 707 658 752 raro
681 696 813 775 quartam
833 688 933 753 sedem
951 695 1041 771 tenet,
1064 690 1191 756 nunide

126 798 224 855 tamen
257 797 379 878 propter
410 790 579 871 raritatem,
611 795 643 854 ut
668 789 809 854 Porsonu
842 789 952 874 visum,
984 790 1191 878 corrigendus.
1283 827 1288 839 ·

126 891 283 979 Aristoph.
305 889 397 979 Vesp.
419 889 493 956 350.
512 891 591 956 Nuh.
613 890 686 956 326.

211 1023 293 1091 ihren
314 1023 374 1107 ὀπὴ
397 1023 480 1107 δῆθ’,
502 1020 592 1108 ἥντιν’
615 1022 653 1089 ἂν
674 1023 801 1089 ἔνδοθεν
823 1020 886 1101 οἷός
910 1021 935 1087 τ’
960 1022 1022 1107 εἷἠς
1043 1024 1191 1112 διορύξαι.

211 1123 253 1205 ὡς
280 1125 315 1192 οὗ
344 1130 489 1213 καθορῶ·
521 1123 605 1213 παρὰ
632 1126 687 1210 τὴν
715 1124 858 1247 sicodor,
873 1123 934 1207 ἤδη
961 1130 1015 1191 νῦν
1042 1124 1085 1204 ὥς
1104 1126 1193 1210 μόλις

778 1250 881 1302 norae.

128 1363 166 1434 V.
189 1364 284 1432 Elem.
306 1347 396 1434 dsm.
417 1385 446 1451 p.
467 1359 540 1427 402.
562 1362 625 1450 seq.

598 1580 633 1666 a.
655 1579 729 1646 aas.

212 1734 370 1803 Posterior
398 1734 484 1799 huius
520 1755 625 1801 versus
656 1755 727 1822 pars
761 1732 838 1823 apud
874 1733 1105 1823 Aristophanem
1139 1737 1192 1802 has

127 1844 241 1904 tautum
262 1858 416 1903 mensurus
438 1837 535 1902 hahet.

303 2055 557 2103 ‘ou-wls

245 2343 330 2374 -W

128 2480 190 2546 Sed
213 2478 367 2562 Cratinus,
388 2485 418 2543 et
439 2485 507 2542 ante
529 2500 595 2543 eum
618 2477 825 2566 Epicharmus,
848 2486 877 2544 et
898 2478 956 2543 hoc
977 2501 1091 2566 quoque
1112 2482 1196 2569 prior·

129 2581 330 2647 Aristoxenus
351 2580 547 2663 Selinuntius,
570 2580 658 2644 etiam
681 2581 843 2668 spondiaco
866 2580 947 2645 exitu
971 2582 1016 2645 usi
1038 2590 1121 2646 sunt:

214 2695 256 2774 ὥς
277 2696 315 2762 ἂν
334 2702 452 2779 μᾶλλον
474 2706 538 2774 τοῖς
559 2698 719 2780 πηδαλίοις
741 2695 760 2779 ἡ
783 2704 858 2773 νιιῦς
879 2694 967 2781 ἡμῶν
989 2695 1151 2785 πειθάρχῃ.

130 2833 306 2901 Cuiusmodi
337 2855 441 2899 versus
473 2832 688 2898 Laconicus
722 2855 740 2896 a
771 2834 945 2921 quibusdam
978 2802 1072 2899 dictos
1106 2834 1196 2902 tradit

129 2934 326 3026 Hephaestio,
345 2934 404 3000 hoe
424 2956 494 3000 usus
515 2933 667 3022 exemplo:

213 3049 313 3138 ἄγετ’,
343 3043 536 3138 &hasprae
556 3050 676 3116 ἔνοπλοι
709 3057 829 3134 κοῦροι,
864 3055 932 3116 nord
953 3051 1010 3117 τὰν
1025 3049 1130 3137 Ἄρεος
1152 3051 1196 3115 κί-

780 3179 874 3218 νοιοιν.

600 3372 636 3459 §-
658 3371 729 3438 aso.

216 3525 338 3589 Hiatum
366 3523 494 3589 admittit
520 3525 576 3590 hoo
603 3532 726 3590 metrum
754 3524 784 3590 iu
814 3535 951 3613 correpta
979 3526 1070 3612 longa
1104 3524 1199 3589 vocali

130 3626 369 3716 diphthongove:

215 3741 235 3827 ἢ
256 3738 405 3829 παρδάλει
427 3738 447 3823 ἢ
468 3738 550 3827 λύκῳ
572 3738 591 3824 ἢ
612 3737 727 3830 ταύρῳ.

129 3880 201 3946 Non
223 3879 348 3966 elegans
370 3885 416 3942 est
435 3876 485 3940 hio
507 3852 604 3941 hiatus
625 3879 657 3943 iu
677 3879 756 3943 Nuh.
778 3878 850 3945 977.
895 3878 988 3967 Vesp.
1009 3877 1083 3944 673.

216 3997 366 4079 ἠλείψατο
389 3994 414 4058 d’
438 3992 477 4058 ἂν
496 3992 680 4080 τούμφαλοῦ
703 3995 811 4072 οὐδείς.

217 4097 247 4162 oi
268 4097 303 4164 δὲ
323 4094 477 4179 ξύμμαχοι
498 4092 540 4174 ὡς
560 4094 725 4179 ᾔσθηνται.
