2654 4786
347 1218 761 1333 mun
831 1220 977 1333 111.

217 1442 292 1523 De
327 1444 494 1523 nmmo
529 1443 698 1522 mixtth
732 1446 785 1523 et
815 1442 1099 1548 compositos

534 1715 793 1724 .—-.----——-·-—--

126 2075 187 2149 De
214 2076 454 2170 generibus
481 2087 719 2149 metrorum
751 2076 978 2149 mixtorum
1014 2087 1055 2148 ot
1089 2100 1199 2147 eom·

538 2196 789 2292 positorum.

602 2375 636 2462 p.
658 2375 731 2442 ror.

220 2477 453 2616 Hephaestio,
493 2527 651 2618 explicatis
684 2529 867 2618 simplicibus
898 2530 1023 2612 metris,
1061 2528 1200 2617 deinceps

130 2639 226 2697 metra
247 2629 312 2696 κατ’
337 2625 538 2693 inanitum
559 2626 669 2711 μικτά,
700 2637 729 2696 et
749 2653 853 2695 versus
876 2638 1143 2720 esynnrtetos‚
1171 2640 1201 2694 et

128 2731 515 2823 polysohemetistos,
550 2741 579 2797 et
609 2733 849 2820 stropharum
880 2733 1116 2820 comparationes
1148 2753 1199 2794 ex·

130 2835 224 2924 ponit
246 2832 297 2898 Ex
318 2833 366 2898 his
388 2841 482 2897 metra
503 2832 568 2897 κατ’
592 2831 794 2897 hortantem
814 2833 906 2914 μικτὰ
928 2855 984 2897 nos
1006 2831 1093 2919 plene
1114 2852 1200 2918 prae-

131 2936 264 3001 terimus.
285 2936 362 2999 Nam
385 2957 459 3020 quae
480 2936 525 2998 sio
546 2945 688 3000 vocantur
709 2945 813 3017 metro,
837 2933 1081 3022 quincontrarios
1098 2931 1199 3020 pedes,

131 3048 161 3102 nt
182 3037 341 3102 trochaeos
362 3045 449 3123 atque
470 3037 595 3120 lembos,
617 3039 797 3117 contineant,
820 3036 925 3123 partim
948 3058 985 3098 ne
1007 3025 1116 3098 hahent
1137 3036 1199 3120 qni·

132 3139 196 3204 hem
216 3137 310 3226 pedes
334 3138 511 3221 contrarios,
532 3142 656 3227 partim,
684 3141 710 3202 si
734 3140 855 3219 hahent,
883 3136 957 3200 nihil
979 3136 1010 3199 in
1032 3158 1067 3200 en
1089 3157 1122 3200 re
1145 3141 1199 3218 est,

132 3239 206 3326 qnod
229 3238 382 3327 peculiare
403 3261 498 3327 genus
520 3242 635 3305 numeri
658 3241 797 3304 constitui
825 3237 961 3324 postulet.
1005 3237 1051 3300 lta
1072 3237 1199 3325 Sapphi-

133 3362 182 3407 ons
203 3339 482 3429 hendecasyllabos,
504 3364 590 3428 quem
611 3343 739 3423 metrici,
761 3339 891 3428 dipoliis
914 3338 957 3403 uti
977 3348 1127 3421 amentes,
1155 3338 1200 3402 sio

133 3443 281 3509 dividunt:

212 3574 564 3646 Lv-Qllvu-lvlv

214 3676 421 3764 ποικιλόθρῶ
445 3675 576 3743 ἀθάνατ’
594 3679 772 3765 Ἀφροδίτα,

137 3802 191 3898 non
211 3832 448 3916 hehetinmhon,
470 3833 540 3918 qnia
561 3854 599 3899 ex
622 3832 743 3921 dipodiu
765 3831 916 3898 trochaico
938 3853 977 3895 ex
999 3829 1102 3895 ordine
1114 3827 1198 3913 logu-

140 3934 236 4004 nelioo
258 3941 384 4015 constat,

230 4066 380 4136 έυ-ῦΙΔ
384 4084 522 4114 υυυυυ
527 4078 551 4113 v
