2654 4786
400 380 449 433 oo
467 380 642 436 vccsrsrs
659 380 895 437 oocmscrs.
1134 366 1179 433 99

108 528 141 594 in
163 528 297 595 secondo
316 527 379 596 orsi
399 528 516 614 finitus,
542 528 597 596 sed
616 551 688 618 pars
708 531 824 597 numeri
846 530 1028 614 dochmiaci‚
1054 552 1093 597 cx
1115 533 1178 598 arsi

108 629 190 696 cuia
210 637 243 695 et
260 631 359 696 iambo
379 638 530 698 constocs.
552 630 619 706 Quo
639 631 682 717 tit,
704 640 738 698 ut
752 632 978 721 meiicsyttsbo
995 654 1104 722 anceps
1116 633 1176 716 sit,

109 738 142 796 et
153 729 319 797 Molossum
340 752 395 820 pro
409 730 531 798 Cretico
551 732 623 819 poni
645 733 742 799 licoat.
763 734 863 820 Atque
878 735 935 799 etsi
951 733 1123 823 pierumque
1144 734 1176 803 in

110 832 333 920 antistrophicis
355 833 510 921 utrobique
531 833 579 897 vet
600 832 712 900 Cretici
735 835 782 901 vel
804 834 935 901 Molossi
957 843 1123 919 servantur,
1146 841 1178 901 ut

109 931 142 996 in
165 931 273 997 Oreste
295 931 366 998 144.
390 932 461 1001 157.

194 1039 214 1112 oi
236 1039 272 1125 ἆ,
293 1045 435 1133 σύριγγος
455 1047 686 1127 instructio.

194 1148 282 1225 ὀλεῖς,
302 1152 328 1214 εἰ
346 1149 663 1237 βλέφαρα-κινήσεις·

108 1283 155 1349 sic
176 1285 256 1349 enim
278 1285 388 1372 potius,
409 1309 492 1374 quom
517 1287 697 1355 exBacchio
721 1295 751 1352 et
772 1286 910 1379 dochmio
930 1287 1087 1375 compositi
1108 1294 1177 1351 sunt

108 1384 140 1450 hi
161 1406 281 1450 versus:
304 1395 402 1451 tamen
424 1395 470 1452 est
490 1389 579 1453 etiem
601 1390 651 1454 utri
663 1388 799 1455 Creticus
822 1397 851 1453 et
872 1387 1027 1454 Molossus
1049 1386 1106 1452 sibi
1128 1409 1176 1453 re·

107 1485 282 1575 spondeant.
332 1486 436 1576 Eorip.
457 1487 522 1554 Ion.
543 1490 616 1556 677.
639 1493 680 1574 (v.
704 1489 799 1555 Elem.
821 1489 850 1554 d.
871 1511 909 1554 m.
932 1510 961 1575 p.
982 1487 1055 1554 272.
1076 1490 1154 1574 seq.)

192 1597 257 1687 δρῶ
278 1599 398 1686 δάκρυα
420 1606 672 1689 καὶ-πενθίμους.

192 1703 291 1788 φίλαι,
312 1702 411 1789 πότερ’
435 1708 674 1796 ἐμᾷ-δεσποίνᾳ.

104 1820 180 1887 Nisi
196 1818 357 1909 πενθῆρεις
377 1823 508 1913 scripsit.

444 2050 455 2069 ⁸
576 2041 611 2128 s.
632 2042 704 2109 scr.

192 2192 261 2257 Duo
283 2191 452 2259 huiusmodi
473 2194 587 2261 Cretici
609 2195 658 2259 ubi
679 2193 916 2282 coniunguntur,
932 2193 1057 2260 dubium
1078 2195 1174 2260 videri

102 2301 204 2382 potest
224 2301 319 2359 utrum
341 2293 387 2360 sic
407 2295 549 2363 metiendi
565 2292 640 2379 sint,
775 2368 778 2373 ,

206 2427 427 2499 ιισιιιιιῦέ

102 2567 142 2610 cn
165 2567 205 2610 ex
226 2547 288 2611 arsi
310 2555 339 2611 et
360 2546 496 2613 dochmio
519 2555 665 2629 constent,
685 2546 723 2612 rie
743 2569 801 2632 quo
812 2567 926 2633 genero
935 2545 1043 2632 dictori
1054 2547 1089 2634 ἦ
1099 2548 1172 2614 251.

101 2647 161 2712 hoc
183 2647 271 2714 motio

204 2780 432 2851 oraretur·
495 2794 496 2798 Ν

101 2872 336 2966 Diiudiccodum
364 2901 421 2973 hoc
447 2897 564 2965 vitietur
590 2921 705 2982 exeo,
737 2900 814 2987 quod
841 2921 956 2987 quoque
985 2900 1051 2964 loco
1073 2901 1169 2987 aptius

101 3009 158 3066 est.
202 3000 249 3066 lta
269 3000 352 3090 prior
373 3000 450 3067 ratio
472 3000 640 3066 adhibendo
660 3000 691 3064 in
713 3001 760 3065 his
782 3001 936 3066 Prometh.
959 2999 1032 3065 590.

187 3113 286 3194 κλύεις
307 3116 435 3204 φθέγμα
455 3117 874 3203 τᾶς-βούκερω-παρθένου.

100 3252 263 3320 Posterior
284 3254 315 3318 in
336 3255 472 3319 versibus
494 3253 528 3339 ᾗ.
550 3250 622 3318 251.
644 3252 753 3318 allatis.

567 3471 603 3558 s.
631 3470 704 3538 262.

187 3623 237 3689 De
254 3646 370 3713 paeone
381 3633 498 3711 quarto,
516 3644 601 3711 quem
616 3623 725 3710 tragici
737 3622 856 3712 saepius
869 3623 998 3712 iungunt
1012 3600 1169 3701 doctimiis‚

98 3724 222 3791 dotium
244 3726 339 3793 videri
359 3733 474 3819 potest,
502 3735 598 3791 utrum
620 3725 647 3790 is
669 3725 710 3790 sit
730 3724 839 3791 solutio
863 3722 993 3805 Cretici,
1015 3731 1046 3788 ut
1066 3729 1169 3820 aperto

97 3826 130 3890 in
154 3824 250 3892 Herc.
271 3826 341 3910 tur„
362 3827 412 3892 ubi
433 3827 493 3892 sihi
513 3824 694 3915 respondent
714 3847 740 3890 v.
762 3823 834 3892 742.
856 3823 930 3891 757.

185 3956 651 4046 χαρμοναὶ-δαήρῦωυ·ἔ’δοσαν
670 3957 809 4042 ἐκβολάς.
860 4012 862 4016 .

187 4064 232 4138 τίς
253 4059 270 4127 ὃ
290 4062 695 4153 θεοὺς-ἄνομίᾳ-χραίνων,
716 4061 832 4146 θνητὸς
846 4058 906 4127 o'iv·
945 4161 981 4214 7.
