2654 4786
124 369 186 443 196
503 386 573 440 ιιι.
590 387 636 439 ιιι.
671 384 749 440 cue.
767 387 801 439 ιι.

127 539 160 602 1ο
185 535 345 627 Sophoclis
366 537 535 603 Philocteta
557 545 653 604 autem
668 560 702 643 ¹v.
726 534 819 603 1089.
843 533 935 603 1110.

211 674 243 738 τί
263 671 328 736 ποτ’
353 663 394 736 αὗ
414 699 468 754 μοι
488 671 524 736 cd
546 669 612 737 κατ’
635 666 730 756 ἦμαρ,

209 782 372 858 κραταεαῖς
392 773 469 856 μετὰ
488 775 600 859 χερσίν,

125 930 183 976 non
212 908 353 975 ferendus
381 910 413 974 iu
441 909 592 998 strophico
615 916 806 998 anapaestus:
835 928 925 995 quare
952 905 985 970 ci
1008 905 1117 973 delevi.
1163 905 1197 973 lu

125 1010 337 1100 Aristophanis
357 1011 456 1077 Ranis
478 1035 503 1076 v.
527 1011 620 1075 1322.
648 1009 811 1099 vituperari
840 1015 1011 1098 usurpatum
1039 1008 1078 1072 ali
1107 1006 1198 1073 Euri·

17 1164 21 1173 ,
124 1111 194 1201 pide
215 1112 293 1176 hunc
314 1112 430 1201 pedem,
452 1113 579 1199 itemque
601 1110 748 1200 dactylum
770 1118 839 1200 post
861 1111 946 1176 basin
964 1117 1033 1176 ante
1048 1108 1198 1175 choriam-

124 1214 193 1279 bum
214 1212 316 1279 volunt
337 1212 533 1279 scholiastae:

210 1329 377 1416 περίβαλλ’,
401 1323 426 1396 ὦ
447 1331 561 1409 τέκνον,
583 1328 707 1406 ὠλένας.

210 1430 285 1523 δρᾷς
305 1433 359 1497 τὸν
380 1429 461 1522 πόδα
482 1439 609 1512 nonime,-
631 1430 703 1516 ὁρῶ.

210 1537 243 1598 τί
263 1536 332 1616 δαί,·
353 1540 464 1598 τοῦτον
485 1532 573 1624 ὁρᾷς
596 1530 668 1617 ὁρῶ.

143 1625 151 1641 ,
210 1638 328 1702 τοιαυτὶ
349 1634 451 1716 μέντοι
474 1637 511 1700 αδ
535 1639 631 1699 ποιῶν

210 1741 327 1825 τολμᾷς
347 1734 431 1816 τάμὰ
451 1738 528 1818 μέλη
550 1735 663 1819 ψέγειν,

211 1837 270 1900 ἀνὰ
291 1836 326 1902 εδ
349 1832 605 1918 δωδεκαμήχανον

253 1935 400 2025 Κυρήνης
420 1943 610 2019 μελοποιῶνς

596 2123 631 2210 §-
653 2119 726 2187 noo.

211 2258 360 2347 Dactylus
383 2260 432 2324 ubi
454 2260 486 2324 iu
509 2259 574 2324 basi
597 2268 653 2340 est,
675 2264 797 2344 utraque
819 2257 926 2344 forma,
949 2260 1077 2329 ethaeo

126 2766 192 2830 lere
214 2786 333 2853 semper
352 2765 471 2830 sibimet
492 2765 550 2853 ipsi
563 2773 699 2831 accurate
711 2765 887 2853 respondet,
909 2764 1192 2856 utdubitaripossit,

126 2887 164 2930 an
177 2866 210 2931 hi
223 2865 365 2953 dactylici
377 2866 476 2955 potius
493 2868 607 2932 numeri
629 2867 698 2933 sint.
720 2867 754 2931 1ο
777 2869 944 2933 recentiore
965 2869 1128 2954 tragoedia
1147 2869 1193 2934 da·

128 2966 223 3054 ctylus
245 2968 277 3030 iu
301 2967 366 3032 basi
387 2966 458 3055 poni
480 2967 556 3033 falso
578 2969 746 3056 putabatur.
773 2968 956 3033 intellectum
976 2980 1024 3034 est
1045 2972 1126 3037 enim
1147 2992 1194 3036 ne·

127 3068 254 3156 glectam
283 3068 512 3156 responsionum
541 3071 766 3155 congruentiam
793 3071 830 3134 alo
858 3071 1010 3136 erroribus
1032 3073 1193 3138 scribarum

129 3191 195 3234 esse
216 3170 391 3258 prolectam,
414 3181 445 3234 ut
465 3169 496 3233 in
519 3169 674 3258 Euripidis
695 3170 760 3259 lph.
783 3170 851 3236 nul.
873 3168 946 3237 547.
968 3170 1042 3236 562.

212 3287 386 3368 μελομέναν
408 3286 547 3372 οἴστρων,
570 3284 689 3371 ὅθιδή.

212 3389 291 3473 μέγα
313 3388 459 3474 φέρουσιν
480 3385 663 3474 circipanis.

130 3523 190 3593 Vbi
210 3522 402 3604 μαινομένων
422 3523 587 3611 legebatur.
630 3520 670 3590 El
690 3525 723 3590 iu
748 3523 846 3615 lphig.
869 3525 965 3592 Taur.
988 3526 1083 3596 1129.
1106 3494 1195 3597 llll.

215 3637 383 3706 ἑπτατόνου
405 3641 533 3706 κέλαδον
555 3640 661 3724 λύρας.

138 3818 140 3823 ¹
214 3741 369 3828 παρθένος
391 3742 558 3825 εὐδοκίμων
578 3740 693 3828 γάμων.

130 3879 189 3950 Vbi
218 3881 358 3967 scriplum
387 3890 451 3944 erat
478 3879 606 3943 κέλαδον
633 3877 800 3945 ἑπτατόνου
826 3877 931 3967 λύρας.
984 3882 1074 3957 Quod
1101 3905 1195 3972 genus

129 3982 246 4046 numeri
267 3981 438 4068 logaoedici
459 4003 548 4069 saepe
571 4004 635 4047 eum
652 3981 815 4070 Glyconeis
831 3984 1016 4049 coniunctum
1036 3984 1194 4069 invenitur,

131 4091 163 4146 ut
188 4083 219 4146 in
247 4083 399 4172 Aristoph.
425 4082 549 4149 Thesm.
575 4084 665 4151 1136.
687 4083 763 4172 quod
786 4107 904 4153 carmen
926 4087 970 4152 sic
990 4087 1194 4154 scribendum:
