2654 4786
123 358 191 451 200
435 405 438 408 «
492 375 633 430 Ιιιιιιιι.
661 373 743 431 ooo.
759 373 821 428 n·-

129 531 216 596 etiam
239 526 402 616 Glyconois
430 527 540 615 ingene
567 525 886 599 multitudovereonm
913 522 1015 589 innota
1034 521 1198 606 invenitur,

128 632 179 719 qui
199 630 247 697 vel
267 630 382 695 similes
404 629 443 694 iis
459 630 541 712 -sint,
567 628 614 693 vel
637 629 697 717 ipsi
718 650 758 692 ex
780 625 965 713 Glyconeia,
990 634 1077 715 parte
1099 623 1198 710 aliqua

128 732 246 820 dempta
265 731 312 796 vel
334 730 450 813 addita,
472 736 616 796 constent.
665 729 708 794 Hi
734 749 837 794 versos
863 728 921 793 hoe
948 727 1014 793 fere
1042 747 1197 794 commone

127 833 247 917 habent,
269 833 345 919 quod
368 832 569 898 choriambum
590 832 753 914 continent,
774 829 827 895 alii
848 830 918 920 pedi
938 830 1080 897 iunctum.

594 1033 629 1121 ᾗ.
652 1031 726 1100 478.

212 1186 432 1263 Vsitatissimoe
453 1186 510 1252 hae
531 1186 598 1252 fere
621 1186 736 1252 formae
757 1193 835 1253 sunt
873 1185 978 1253 Primo
1001 1185 1195 1253 brevissimae

263 1354 438 1426 Δυυ-Ιῦὶ
466 1345 495 1404 et
531 1351 552 1405 .‘.
573 1369 593 1407 a
619 1353 755 1425 Ιέυυ-,

129 1515 204 1581 quae
225 1503 324 1560 tamen
344 1499 441 1557 ntrnm
463 1491 542 1556 inter
568 1513 601 1556 se
628 1498 812 1579 permutatae
833 1490 959 1575 fuerint,
981 1512 1021 1557 an
1048 1513 1128 1576 non,
1153 1492 1195 1558 in·

129 1604 240 1659 eertum
267 1593 449 1680 relinquam,
481 1614 569 1679 quom
598 1593 656 1658 sibi
688 1604 825 1659 aeenrate
855 1593 1038 1682 respondere
1072 1597 1193 1662 soleant.

129 1694 208 1764 Vide
230 1703 326 1760 tamen
350 1694 386 1779 §.
405 1691 481 1760 493.
523 1694 617 1784 Soph.
640 1695 714 1761 0ed.
737 1693 804 1762 Col.
828 1693 898 1762 128.
921 1694 993 1763 160.

214 1827 251 1904 ἃς
271 1828 421 1914 τρίμομεν
441 1828 544 1913 λέγειν.

214 1926 343 2017 ῥεύματι
363 1929 529 2016 συντρέχει.

129 2083 234 2172 Eurip.
257 2082 333 2148 Hee.
355 2081 429 2150 637.
449 2080 522 2149 646.
655 2073 659 2081 ’

215 2214 300 2294 ἅλιος
323 2214 454 2303 αὐγάζει.

214 2321 327 2396 παῖδας
348 2317 425 2404 ἀνὴρ
447 2313 572 2402 βοῦεας.
614 2360 616 2363 -

130 2472 276 2560 Apparet,
297 2471 355 2536 hoe
376 2493 472 2558 genus
493 2491 631 2537 versuum
654 2469 742 2535 etiam
763 2469 965 2539 dochmiaonm
985 2472 1085 2541 videri
1093 2495 1195 2565 poree.

129 2574 199 2638 Non
226 2572 338 2662 poterit
364 2580 477 2655 autem,
506 2573 533 2638 si
560 2572 734 2638 commutari
759 2574 856 2661 potuit
883 2596 948 2640 oum
975 2575 1072 2642 altera
1093 2577 1197 2660 formo,

130 2696 206 2761 quae
228 2680 274 2738 est
295 2673 327 2738 in
349 2673 397 2738 his
419 2672 525 2762 Eurip.
548 2661 652 2763 ¹Soppi.
673 2672 746 2740 960.
767 2672 841 2740 968.

215 2807 346 2885 decoloro
367 2803 394 2870 δ’
419 2802 435 2871 ὃ
456 2807 534 2889 βίος,

215 2906 277 2975 οὔτ’
302 2909 334 2973 ἓν
357 2917 420 2985 τοῖς
440 2908 614 3003 φθιμένοις.

130 3063 165 3126 ln
188 3061 298 3128 Baeeh.
319 3060 392 3128 863.
413 3060 486 3128 883.
514 3082 638 3148 qnorum
664 3060 696 3125 in
722 3060 818 3150 priori
847 3062 889 3138 εἰς
916 3063 1030 3150 αἰθέρα
1053 3065 1199 3153 δροσερὸν

131 3163 252 3248 legitor.
273 3163 476 3229 scribendum:

216 3295 315 3382 αῗθίρ
340 3298 370 3373 ἐς
391 3288 544 3385 δροσερόν.

216 3395 289 3474 τούς
308 3396 334 3461 τ’
359 3396 588 3482 ἀγνωμοσύναν.

598 3603 633 3688 a.
654 3600 728 3670 ano.

217 3751 338 3818 Deinde
359 3752 498 3819 anaorusi
518 3773 573 3842 pro
597 3755 661 3820 basi
682 3755 795 3842 posita:

235 4023 353 4071 ῦέυυ-
369 4024 415 4072 ῦιί
440 4015 471 4073 et
486 4040 509 4071 υ
528 4023 548 4065 ·'-
565 4041 588 4070 υ
603 4024 676 4072 έυυ
692 4053 714 4065 -

520 4109 565 4139 w
676 4111 700 4139 υ
