2654 4786
125 333 169 403 ω
495 353 912 411 mmmm.

126 512 207 570 arcte
228 503 369 593 coniungi
390 502 565 595 postularet,
587 504 672 571 utin
693 505 771 573 Rau.
794 503 888 573 1337.
908 504 941 571 1ο
960 504 1099 594 Lysistr.
1119 502 1195 573 838.

125 604 157 669 iu
178 602 258 669 Nuh.
278 603 330 672 63.
910 690 915 697 ,

209 703 288 792 πρὸς
306 702 399 791 ἥνπερ
421 702 575 791 ἐπιτήδεια
594 701 662 772 τάδ’
684 702 744 773 i'or'
769 702 853 798 ᾅδειν
871 706 961 793 polln-

210 803 319 892 ἔγωγε·
346 804 453 874 κάστιν
473 804 570 891 helpede
591 805 667 893 ἀνὴρ
689 808 806 892 Kampoi
841 855 850 874 .

210 911 278 996 πτρ1
299 904 489 992 τούνόματος
509 911 649 977 ἐντεῦθεν
670 906 925 997 ἐλοιδορούμεθα.

127 1009 303 1103 Cuiusmodi
322 1033 427 1078 versus
447 1033 508 1079 non
529 1011 650 1080 dubium
669 1011 803 1108 videtur,
825 999 895 1100 puin
917 1010 1050 1101 corrupti
1070 1009 1198 1102 putandi

126 1111 195 1179 siut

588 1283 624 1372 9.
653 1280 725 1350 rur.

211 1449 379 1540 Auapaesti
399 1451 541 1518 admissio
562 1451 594 1517 iu
615 1451 750 1518 trimetro
772 1450 886 1518 comico
906 1449 990 1534 facit,
1011 1455 1044 1515 ut
1058 1469 1119 1515 nou
1132 1447 1199 1516 uhi·

127 1573 184 1640 que
210 1573 275 1618 oum
303 1573 339 1618 eo
366 1553 442 1641 pede
470 1552 632 1620 cohaerere
660 1555 776 1643 possint
802 1551 969 1618 tribrachus
996 1560 1027 1617 et
1047 1550 1198 1641 dactylus,

126 1660 160 1717 ut
179 1652 379 1740 significatum
400 1662 446 1720 est
466 1654 501 1740 5.
523 1653 595 1720 133.
646 1654 723 1720 Eius
743 1655 790 1720 rei
810 1653 920 1743 triplex
940 1652 1018 1719 ratio
1040 1660 1096 1719 est
1142 1652 1199 1718 lli·

126 1750 226 1842 podlis
247 1775 288 1818 ex
308 1755 569 1841 grammaticorum
591 1756 755 1839 sententia,
783 1755 937 1830 ordinibus
957 1776 996 1819 ex
1018 1760 1124 1821 nostru
1145 1754 1199 1820 de·

127 1853 259 1943 scriptis,
279 1853 347 1921 fieri
367 1863 466 1947 potest
485 1864 518 1923 ut
538 1856 571 1923 hi
590 1858 682 1948 pedes
703 1857 927 1925 consocientur:

235 2021 281 2072 vl
306 2023 353 2071 vl
402 2042 426 2072 υ
446 2023 526 2073 tos

126 2577 238 2646 lctihus
259 2601 277 2645 e
297 2579 557 2670 grammaticorum
577 2581 726 2649 mutantia
744 2581 864 2672 positis,
884 2582 1001 2649 numeri
1015 2583 1200 2674 perversitas

128 2680 234 2766 oritur,
256 2681 398 2747 trochaeo
419 2681 450 2748 iu
471 2681 768 2774 proceleusmaticum
789 2692 916 2749 mutator

229 2799 252 2829 υ
284 2780 330 2831 ἐν
363 2781 468 2831 όυυυ
500 2812 523 2822 -

127 2864 228 2931 Positi
259 2780 358 2933 aluteuh
385 2889 425 2933 ox
454 2781 557 2933 nulstra
582 2869 732 2934 sententia
758 2869 834 2934 ictus
855 2876 1024 2958 repugnant
1044 2868 1210 2938 doctrinm-

128 2968 402 3056 grummuticorum‚
422 2969 521 3035 iamho
542 2976 654 3035 mutatu
675 2970 708 3035 iu
728 2969 1038 3059 proceleusmaticum:

229 3068 275 3115 οι
287 3067 294 3140 p
307 3069 414 3118 coco
429 3069 434 3141 p
447 3069 493 3117 oe

130 3151 222 3238 Atqui
253 3152 361 3220 Latini
392 3163 514 3244 poetae,
542 3153 592 3241 qui
625 3153 770 3242 quomodo
797 3153 920 3220 notandi
947 3154 1007 3221 siut
1033 3155 1112 3222 ictus
1140 3177 1199 3223 nou

130 3253 250 3319 dubium
271 3254 456 3342 relinquunt,
483 3255 601 3343 ingenti
622 3256 824 3344 exemplorum
846 3256 933 3345 copia
952 3263 1085 3322 nostram
1106 3257 1200 3325 ratio·

129 3375 198 3419 uem
221 3356 406 3422 confirmant.
447 3357 533 3422 Rara
556 3357 635 3446 apud
657 3357 791 3424 Graecos
813 3357 950 3444 exempla
970 3366 1050 3441 sunt,
1072 3359 1126 3425 sed
1149 3380 1200 3425 eo·

131 3453 198 3522 den
219 3454 371 3521 ducentia:
399 3469 432 3523 ut
457 3456 535 3544 opud
555 3457 711 3548 Aristoph.
733 3458 814 3524 Plut.
836 3457 946 3541 loli,
974 3482 1060 3547 quem
1082 3480 1199 3527 versum

131 3554 262 3622 afferunt
289 3556 416 3623 Photius
447 3566 476 3623 et
497 3557 635 3624 Thomas
656 3560 702 3626 M.
723 3560 755 3625 in
776 3557 1013 3647 ὖνιοιιορίζομαι,
1034 3560 1146 3629 Suidas
1167 3562 1200 3628 iu

130 3651 306 3743 νηττάριον,
334 3657 520 3724 scholiastes
541 3658 685 3726 Aristidis
708 3682 755 3749 ap.
778 3661 991 3728 Frommelium
1013 3685 1042 3752 p.
1064 3661 1138 3731 158.
1159 3670 1200 3748 et,

131 3758 183 3824 uhi
203 3754 243 3821 άι
263 3758 358 3841 deest,
380 3759 412 3825 iu
434 3758 481 3827 ed.
495 3760 588 3826 Diud.
609 3783 639 3850 p.
659 3757 733 3828 432.
756 3770 786 3828 et
806 3785 854 3852 ap.
866 3762 1023 3831 Platonem
1044 3763 1077 3831 iu
1094 3764 1199 3832 Schol.

130 3859 169 3928 ad
190 3858 297 3949 Eurip.
319 3859 397 3927 lieo.
417 3860 483 3928 838
504 3861 590 3946 (821.
611 3860 659 3929 ed.
681 3862 815 3951 Maon).
958 3885 960 3889 ’

215 3957 377 4049 νηττάριον
397 3959 437 4028 ἂν
455 3965 506 4027 uel
527 3959 657 4048 φάττιον
676 3961 878 4052 ὑπεκορίζετο.

216 4053 306 4141 οὗτος
325 4065 372 4142 τίς
392 4060 433 4144 εἷς
452 4063 518 4150 λέγι
538 4061 632 4149 τοχά·
653 4067 686 4131 τί
703 4071 805 4159 οιγρῖςς
827 4065 883 4134 οὔκ
904 4068 996 4154 &petes
