2654 4786
240 392 307 446 cm.
323 393 368 446 nr.
399 390 477 444 cnr.
494 392 566 446 xix.
590 391 639 446 nn
656 393 724 449 vsv
740 392 1094 454 anrrsrnoenanvnr.
1144 379 1206 448 271

526 761 662 837 ΟΜ).
689 761 817 836 m

235 949 298 1021 De
331 976 408 1023 usu
446 951 822 1047 antistropharum
856 955 1104 1028 summatim.

605 1183 639 1270 §-
662 1183 735 1250 cao

221 1351 331 1417 Graeci
349 1352 379 1416 in
395 1353 474 1416 omni
484 1352 580 1440 poesi,
604 1353 733 1418 maxime
755 1362 852 1418 autem
874 1354 904 1418 in
927 1354 1033 1441 lyrica,
1056 1363 1085 1420 et
1106 1357 1204 1444 magis

135 1454 223 1518 etiam
252 1455 281 1517 in
309 1455 428 1518 scenica
460 1475 568 1539 magno
591 1454 690 1519 studio
719 1455 869 1542 aequalem
902 1455 1055 1541 qnamdam
1077 1457 1204 1544 partium

136 1557 386 1643 comparationem
410 1556 570 1619 consectati
593 1564 671 1620 sunt.
720 1556 804 1629 Quae
832 1579 881 1620 res
912 1564 941 1620 ut
974 1556 1010 1620 ad
1034 1558 1204 1622 mulcendas

136 1678 170 1721 ac
182 1656 375 1722 deleniendos
392 1657 506 1721 animos
521 1656 687 1721 auditorum
700 1658 838 1720 eximiam
856 1658 1031 1722 suavitatem
1046 1660 1144 1740 habet,
1162 1660 1204 1726 ita

134 1758 281 1845 singulari
304 1766 367 1822 arte
389 1757 426 1822 ad
445 1758 548 1823 miram
566 1758 738 1823 varietatem
755 1757 880 1823 adducta
903 1768 989 1845 atquc
1010 1760 1128 1825 exculta
1149 1772 1203 1826 est.

603 1990 637 2077 §-
659 1991 732 2059 nar.

218 2160 342 2227 Metrici
360 2161 503 2242 carmina,
525 2162 600 2247 qnod
619 2162 654 2226 ad
674 2163 869 2250 repetitiones
880 2183 1069 2228 numerorum
1086 2164 1202 2246 attinet,

85 2293 88 2296 ⁴
133 2265 164 2330 io
187 2264 246 2328 duo
267 2284 380 2350 genera
402 2262 550 2343 dividunt,
579 2284 654 2349 quae
684 2263 777 2326 κατὰ
806 2266 939 2345 στίχον
966 2272 997 2328 et
1017 2263 1112 2328 κατὰ
1134 2261 1203 2328 σύ-

132 2388 277 2446 στημα,
310 2364 374 2428 sive
405 2360 697 2445 συστηματικᾶ,
724 2374 874 2430 vocantur.
930 2364 1039 2430 Κατὰ
1067 2368 1202 2447 στίχον

132 2474 218 2548 sunt,
241 2486 314 2552 quae
337 2465 536 2531 tantummodo
563 2488 603 2529 ex
635 2465 770 2531 versibus
800 2467 965 2553 composita
992 2476 1074 2547 sunt3
1103 2466 1201 2531 κατὰ

131 2563 346 2663 ciccano&
361 2588 434 2653 quae
456 2589 496 2630 ex
517 2566 687 2654 systematis
716 2566 762 2631 vel
784 2567 924 2655 strophis.
975 2568 1058 2641 Quae
1088 2590 1200 2656 genera

131 2689 219 2755 quum
240 2668 282 2732 ita
303 2676 372 2732 sunt
402 2668 434 2731 in
457 2690 515 2733 uno
538 2667 668 2734 carmine
690 2669 922 2751 coniuncta‚.ut
943 2691 1013 2757 pars
1034 2668 1113 2738 κατὰ
1135 2671 1201 2734 στί-

128 2794 194 2852 χον,
216 2791 287 2858 pars
308 2766 387 2832 κατὰ
408 2764 550 2855 σύστημα
572 2770 684 2856 scripta
705 2769 760 2852 sit,
788 2770 919 2834 carmina
942 2792 978 2834 ea
998 2767 1119 2850 μικτὰ
1139 2795 1200 2854 γε-

129 2868 217 2935 νικὰ
244 2877 400 2951 vocantur,
430 2877 462 2934 ut
489 2870 663 2957 tragoediae
691 2877 723 2934 et
749 2876 864 2937 veteres
891 2869 1080 2952 comoediam
1111 2892 1199 2958 quom

129 2980 226 3037 antem
247 2970 371 3060 perinde
394 2979 450 3053 est,
473 2980 568 3037 utrum
592 2974 657 3058 quis
679 2993 716 3037 ea
737 2970 816 3034 κατὰ
838 2973 957 3052 στίχον,
986 2994 1023 3039 an
1046 2970 1125 3035 κατὰ
1145 2958 1199 3036 at-

129 3073 367 3160 manuscripta
395 3079 499 3160 putare
526 3073 612 3168 velit,
640 3073 726 3137 κοινὰ
751 3071 852 3156 ysam&
874 3073 1028 3155 dicuntur,
1054 3082 1086 3137 nt
1108 3072 1199 3138 multa

129 3195 168 3239 ax
189 3174 417 3239 Anacreonticis
439 3175 638 3256 carminibus,
660 3197 734 3262 qnae
756 3183 785 3238 et
807 3196 846 3238 ax
867 3175 1001 3240 versibus
1023 3181 1146 3257 tantum,
1169 3184 1198 3239 et

128 3296 169 3340 ex
200 3275 330 3361 strophis
363 3283 488 3362 possunt
521 3277 684 3364 composita
716 3276 821 3342 videri.
873 3275 911 3344 V.
940 3275 1104 3364 Hephaest.
1126 3297 1196 3363 pag.

126 3375 271 3442 oct—71
297 3375 524 3462 (nn-131).

593 3612 627 3698 s.
655 3610 727 3677 can.

211 3779 295 3855 Quae
323 3781 418 3845 κατὰ
448 3783 584 3862 στίχον
612 3783 724 3870 scripta
751 3788 836 3862 sunt,
870 3781 1005 3846 dividunt
1025 3780 1141 3846 metrici
1163 3782 1194 3846 in

124 3881 260 3961 μικτά,
290 3904 363 3968 qnae
391 3884 421 3946 in
450 3883 518 3948 aliis
550 3883 684 3971 partibus
705 3883 782 3947 alios
804 3903 907 3947 versus
931 3883 1054 3964 habent,
1081 3892 1113 3946 nt
1145 3902 1195 3946 co-

126 3981 262 4046 moediae
275 3983 435 4048 Menandri
448 3985 575 4068 suerunt,
597 3994 626 4049 et
643 3985 674 4048 in
696 3982 764 4065 ἅμι
775 4007 861 4060 κτα,
884 4005 958 4070 qnae
972 3984 1078 4070 ubique
1089 3982 1192 4047 eodem

126 4104 242 4169 genero
262 4106 365 4150 versus
387 4086 559 4174 procedunt,
582 4095 612 4150 ut
633 4086 735 4175 poesis
757 4086 850 4173 opica.
