2654 4786
307 1522 946 1643 PRAEFATIO.

503 1835 690 1843 ——-—-———
693 1832 761 1841 -0-2

204 2021 337 2151 Quum
363 2059 567 2153 exemplaria
592 2056 775 2130 delicerent
788 2056 897 2129 editae
914 2068 991 2130 ante
1017 2058 1079 2129 lma
1103 2081 1167 2131 oex

96 2187 134 2247 et
160 2175 278 2271 viginti
303 2198 406 2247 annos
433 2175 594 2271 epitomes
620 2175 790 2248 doctrinae
816 2175 994 2269 metricae,
1031 2186 1177 2272 operam

98 2293 181 2366 dedi
204 2301 241 2365 ut
258 2292 472 2388 corrigerem,
492 2318 576 2389 qnae
591 2295 645 2366 vel
657 2293 743 2366 falsa
759 2293 812 2393 vel
828 2292 926 2365 dubia
942 2318 1016 2367 eme
1031 2294 1167 2367 intelle·

98 2411 241 2500 mosem,
267 2411 407 2483 seruatis
433 2419 544 2484 tamen
568 2412 713 2486 numeris
739 2412 1033 2508 paragraphorum.
1059 2410 1169 2485 Erant

98 2538 211 2602 autem
235 2529 300 2603 dno
324 2529 531 2625 potissimum
557 2539 675 2622 metra,
705 2520 848 2626 v(puerum
880 2530 1018 2602 alterius
1052 2552 1170 2601 nume·

97 2673 174 2719 rum
206 2672 272 2720 uon
303 2654 394 2720 recte
420 2648 677 2740 constitueram,
704 2648 906 2744 -olaetylicunr
943 2649 1170 2720 hexametrum

96 2762 279 2862 μείουρον
304 2765 398 2856 dico,
432 2766 571 2838 alterius
603 2774 731 2858 autem,
760 2766 850 2862 quod
883 2774 935 2838 est
961 2766 1168 2859 Saturnium,

99 2883 143 2955 de
169 2883 397 2979 antiquissima
422 2882 580 2979 prosodia
612 2882 729 2956 lusam
766 2885 954 2981 opinionem
987 2907 1077 2955 eram
1112 2905 1168 2953 se-

99 3009 210 3075 cutus.
269 3001 451 3073 Praeterea
486 3003 521 3074 in
552 3002 595 3073 iio
623 3002 829 3098 potissimum
860 3002 996 3092 metria,
1023 3023 1108 3097 qnae
1135 2999 1171 3073 iu

98 3120 301 3193 carminibus
344 3119 593 3215 antistrophicio
630 3127 665 3191 et
707 3119 1033 3216 paromoeostroplrie
1072 3143 1172 3190 usur-

98 3245 237 3334 pantur,
263 3237 431 3334 exempla,
459 3239 576 3334 quibus
609 3260 689 3309 uuus
717 3260 825 3328 eram,
860 3238 927 3309 alia
952 3236 1168 3327 emendanda,

99 3356 171 3427 alia
196 3355 389 3447 omittenda,
416 3355 483 3427 alia
507 3379 580 3428 curn
610 3355 792 3451 aptioribus
811 3357 1039 3428 commutanda
1062 3365 1168 3427 eraut.

99 3472 187 3546 Nam
214 3499 279 3571 quo
313 3474 459 3546 maiores
484 3496 684 3570 progressus
710 3497 765 3545 ars
791 3475 908 3546 critica
939 3475 994 3546 uel
1019 3473 1170 3544 codicum

100 3592 201 3665 novio'
226 3594 344 3691 opibus
370 3594 425 3666 vel
452 3591 627 3689 diligentia
652 3591 843 3665 criticorum
869 3591 969 3684 facit,
996 3616 1037 3665 eo
1064 3590 1168 3685 magio

99 3711 342 3807 intelligimus,
378 3712 483 3785 multo
516 3710 701 3784 severiores
744 3735 839 3806 quam
880 3712 959 3784 olim
994 3709 1171 3808 putabatur

104 3836 235 3901 veteres
270 3837 387 3926 poetas
419 3829 535 3902 fuisse.
594 3826 751 3902 Ceterum
784 3854 827 3902 eu
853 3829 916 3921 iis,
951 3851 1034 3924 quae
1066 3823 1170 3920 priori

102 3945 245 4019 editioni
269 3947 439 4045 praelatus
464 3970 567 4040 cram,
594 3947 775 4044 repetenda
799 3947 901 4038 duxi,
927 3943 1060 4017 mutatio
1086 3966 1171 4014 non·

104 4065 220 4159 nullis,
247 4089 332 4164 quae
358 4074 552 4165 sequuntur.
