2654 4786
546 397 779 453 numvuuao.
1178 383 1200 449 3

131 548 208 615 alind
233 570 272 615 ex
294 549 354 615 alio
376 560 553 631 nascantur,
580 571 637 615 neo
656 550 755 639 spatia
776 549 843 638 ipsa
869 548 930 617 alia
951 549 1077 620 aliorum
1098 561 1200 641 partes

63 692 65 697 <
130 660 211 718 snnt:
234 651 450 739 descriptiones
472 671 575 716 eorum
596 652 638 717 ita
659 663 845 740 comparatas
867 673 935 720 esse
957 663 1147 736 necaaaaest,
1168 665 1200 721 nt

130 755 213 841 ipsae
235 775 290 842 per
309 775 343 818 se
364 753 523 838 imaginem
545 752 707 819 exhibeant
727 774 824 821 rerum
848 752 1013 821 efficientia
1034 755 1199 823 velcohae·

129 855 226 919 rentia
248 854 458 943 copulatarum.
507 853 610 941 ltaque
637 855 695 920 iam
718 877 858 919 numerus
885 865 932 920 est
957 855 1083 945 imago
1106 857 1199 925 cffi-

131 955 299 1021 cicntiae
316 977 381 1044 per
398 966 564 1043 tempora
578 965 888 1044 repraesentatam
904 959 1197 1045 symmetriaautcm,

132 1056 254 1144 imago
278 1056 553 1125 cohaerentiae
574 1066 867 1146 repraesentata
886 1079 955 1147 per
976 1060 1112 1148 spatia

212 1307 281 1376 Non
311 1320 525 1399 potestantem
554 1311 642 1379 aliter
669 1311 699 1379 in
721 1310 796 1401 ipsis
826 1311 1006 1402 temporibus
1034 1314 1198 1401 spatiisque

129 1433 271 1501 expressa
291 1433 435 1500 apparere
457 1413 558 1500 imago
581 1413 680 1501 aliqua
706 1412 888 1478 efficientiae
910 1412 957 1478 ved
978 1413 1198 1498 cohaerentiae,

129 1513 185 1579 nisi
207 1513 387 1602 temporibus
410 1515 571 1603 spatiisque
594 1537 630 1580 ea
650 1514 844 1604 proportione
865 1514 1033 1603 descriptis,
1055 1537 1130 1602 quae
1150 1516 1198 1582 vel

128 1615 205 1682 intur
226 1636 349 1682 caussas
370 1623 458 1702 atque
470 1615 620 1699 effectus,
648 1615 694 1682 ved
715 1616 794 1682 inter
814 1623 915 1705 partes
937 1616 1129 1683 cohaerentia
1149 1640 1199 1684 co·

130 1717 244 1806 palatas
266 1727 323 1785 cst.
354 1716 401 1785 Ea
420 1717 575 1807 proportio
597 1727 693 1785 autem
715 1716 747 1782 in
768 1716 1002 1805 aequalitate
1022 1718 1123 1808 posita
1142 1727 1199 1787 eat.

127 1819 201 1887 Nam
224 1842 320 1908 nequa
334 1840 440 1888 caussa
452 1818 571 1902 effectu,
582 1841 678 1907 neque
696 1818 821 1888 effectus
842 1841 949 1889 caussa
967 1829 1019 1889 aut
1033 1820 1129 1901 maior
1148 1832 1200 1889 ant

128 1921 223 1987 minor
244 1943 312 1988 asse
333 1930 440 2012 potest.
483 1920 578 1996 Quom
601 1921 679 1986 enim
701 1921 799 1988 omnis
820 1921 961 2005 mutatio,
989 1924 1199 2009 quaeernitur

127 2022 267 2106 effectos,
301 2047 340 2090 ex
366 2023 505 2091 conflictu
532 2021 638 2089 virium
665 2013 869 2111 oppositarum
897 2023 1027 2104 oriatur3
1060 2023 1200 2112 aequales

127 2134 222 2191 autem
246 2125 404 2198 viresaihi
428 2124 584 2214 oppositae
605 2124 743 2213 seipsae
764 2125 938 2207 cohibeant,
965 2147 1021 2191 nec
1048 2125 1114 2193 fieri
1137 2148 1199 2194 mu·

126 2227 266 2294 ationem
284 2226 448 2315 patiantur:
471 2247 595 2292 necesse
616 2235 672 2308 est,
694 2227 838 2315 oppositis
860 2226 1065 2314 inaequalibus
1074 2227 1199 2310 viribus,

128 2328 385 2418 tantnmsnperari
397 2329 531 2412 alteram,
544 2327 927 2417 quantumalterasaperat:
950 2349 1007 2415 qua
1019 2327 1200 2417 legerititur

128 2431 223 2497 omnis
245 2429 428 2513 mechanica,
449 2451 525 2518 qnae
547 2439 678 2497 vocntnr.
700 2428 785 2507 Quor
807 2430 835 2495 ni
857 2425 948 2519 saepe
959 2429 1068 2497 effecta
1080 2430 1197 2499 mania

126 2530 169 2600 rel
191 2532 309 2600 maiora
330 2531 378 2598 vel
398 2531 516 2600 minora
537 2532 682 2614 videntur,
704 2530 734 2597 id
757 2552 793 2599 eo
816 2531 860 2615 fit,
881 2530 958 2619 qnod
976 2531 1023 2597 ved
1040 2552 1139 2599 rernm
1153 2531 1200 2599 di·

126 2634 251 2707 veniae
272 2637 521 2723 conparationem
553 2654 612 2701 non
641 2632 788 2716 admittit,
821 2633 869 2701 vel
889 2633 997 2701 virium
1017 2633 1200 2703 incrementa

126 2743 212 2823 atque
234 2735 445 2825 impedimenta
466 2735 568 2800 latent.
596 2735 684 2804 Vnde
706 2755 781 2821 quae
803 2735 937 2803 nascitur
957 2734 1088 2818 miratio,
1109 2732 1201 2803 simui

127 2847 154 2902 et
173 2837 376 2926 ignorantiam
399 2846 546 2921 nostram,
569 2846 599 2902 et
619 2837 845 2918 necessitatem,
866 2857 923 2922 qua
945 2835 1052 2900 effecta
1073 2837 1200 2922 requiri·

126 2959 187 3004 mas
210 2938 326 3004 caussis
348 2939 494 3026 aequalia,
516 2940 695 3028 comprobat.
744 2937 848 3023 itaque
875 2957 1013 3000 numerus
1035 2943 1081 3000 est
1102 2935 1200 3000 effi·

106 3029 274 3106 ¹aientia
294 3034 650 3131 peraeqnalitat'em
667 3044 875 3128 ternpnrnni
893 3043 1197 3124 repraesentata.

127 3138 239 3208 deden
261 3141 349 3208 modo
372 3162 526 3233 corporum
550 3141 740 3206 cohaerentia
761 3136 938 3225 aequaiitate
959 3135 1072 3202 nititur.
1120 3137 1199 3204 Nam

127 3248 209 3331 panni
235 3245 426 3311 cohaerentia
447 3245 487 3310 sit
507 3238 673 3309 cohrmnnio
695 3241 840 3330 partium,
861 3250 1014 3304 commune
1041 3249 1139 3306 antem
1160 3240 1200 3306 ait

126 3342 208 3427 iliud,
225 3344 303 3434 quod
321 3345 351 3411 iu
368 3346 502 3412 omnibns
524 3342 657 3436 partibus
674 3343 752 3409 idem
774 3342 890 3429 sibique
912 3348 1039 3430 pareat:
1062 3362 1198 3406 necessa·

128 3447 200 3513 rium
218 3457 276 3531 est,
294 3456 325 3513 nt
336 3448 537 3532 cohaerentia,
556 3452 630 3536 q'nae
644 3445 708 3512 sola
721 3443 999 3533 corpornm'hgnra,
1014 3441 1037 3508 i.
1048 3465 1074 3506 e.
1088 3443 1200 3535 spatio·

129 3570 191 3614 rura
215 3548 415 3639 descriptione
437 3550 631 3640 exprimatur,
652 3566 814 3615 commune·
829 3544 901 3611 iilud
918 3542 1199 3634 incomparatione

130 3650 245 3739 aequali
268 3652 430 3743 spatiorum
454 3652 582 3718 haheat:
618 3652 722 3739 itaqrie
751 3647 924 3738 sprndretria
946 3646 1198 3712 cohaerentia

130 3770 173 3818 est
194 3776 263 3843 per
284 3754 562 3841 aequalitatem
586 3753 790 3843 spetlururn
812 3755 1119 3839 repraesentata.

612 3956 616 3963 .
678 3904 711 3975 9,

213 4025 259 4090 ita
280 4025 423 4091 aniverso
443 3905 937 4113 onmerisyaiiuetriaaqaenatara
954 4016 1089 4099 definita,
1110 4038 1198 4101 quum

128 4121 164 4189 de
177 4125 471 4216 aingnlimnurn'aria
492 4122 868 4213 figuriuqnoayrnuretrieia
880 4120 1038 4273 ioquinppa
1056 4139 1199 4188 aemam
