2654 4786
105 440 108 445 ⁶
125 375 214 422 xvim
552 368 771 425 emmenum.

126 524 244 616 dicit„
272 522 377 614 ulter,
417 520 664 595 Hemeterlmsii
703 521 845 596 concide
879 520 968 594 diem
1003 538 1194 621 supremum

125 641 344 714 intervenisse
370 649 474 733 ratus,
502 648 626 731 menet,
650 646 703 732 ut,
729 639 786 736 qni
812 639 854 712 de
880 640 943 712 lac
968 639 1008 714 re'
1031 640 1197 738 disputari

127 761 229 851 velit,
255 756 472 832 Scholiaeten
496 755 643 831 Luciani
680 755 729 830 Τ.
750 756 808 834 II.
841 784 877 855 p.
902 761 992 834 270.
1025 759 1195 852 adhibeat,

126 878 210 962 mira
243 901 323 950 eane
357 877 559 968 tradentem,
597 875 657 949 sed
681 899 797 973 parum
827 876 980 974 prefecto
1012 876 1196 969 fructuosa.

126 994 358 1068 Abomimandi
382 993 556 1066 formulam
583 1017 670 1085 esne,
697 993 779 1066 satis
805 1002 950 1068 constat.
1001 979 1100 1087 Qund
1121 995 1197 1068 ecl·

60 1185 62 1190 .
124 1115 275 1212 lugunt,
293 1113 370 1209 quia
402 1113 467 1219 et3-
464 1106 543 1197 τὰς
568 1106 694 1208 ὥραςΙ
690 1110 807 1195 ἵκοιτο
832 1113 1034 1210 significet
1023 1137 1059 1186 un
1081 1136 1198 1211 prn-

94 1233 289 1305 *nimum
323 1253 481 1302 annum
507 1227 677 1321 veniat,
710 1231 856 1302 eamdem
888 1229 1196 1328 interpretationem

127 1350 227 1423 etiam
265 1348 440 1445 negativae
477 1347 640 1421 formulae
683 1347 902 1426 adhibendam
940 1373 1052 1442 ense,
1077 1372 1196 1446 parum

128 1468 222 1541 firma
247 1465 530 1566 argumentatione
555 1465 747 1541 conclusum
773 1475 838 1540 est.
873 1464 964 1569 Sane
991 1465 1122 1563 quidem
1148 1466 1197 1539 ita

127 1587 222 1683 loqui
246 1585 329 1657 lieet
353 1584 388 1654 in
415 1583 511 1679 epicn
537 1581 702 1676 carmine,
734 1593 793 1658 aut
818 1584 967 1682 elqiace
993 1590 1051 1661 aut
1074 1584 1196 1681 lyrica,

126 1704 225 1777 utin
249 1701 360 1798 epigr.
385 1701 505 1774 incert-
530 1697 642 1773 XlII.
662 1724 692 1772 s.
718 1701 859 1782 Anthnlss
884 1702 969 1779 Pal·
986 1700 1086 1779 ΧΠ.
1108 1704 1196 1777 107.

204 1927 273 2006 τὸκ
312 1927 447 2017 καλὸν,
494 1921 526 2001 ὦ
565 1921 746 2024 Χάριτες,
786 1890 1009 2010 Διονύσιοι,
1052 1925 1088 1994 el
1125 1917 1198 2015 piu

208 2124 211 2129 ,
299 2068 303 2075 ·
568 2096 584 2137 .‘
637 2043 832 2135 ituree

223 2159 372 2262 τάμά,
396 2161 461 2239 καὶ
485 2161 586 2250 εἰς
561 2160 662 2260 αι’(ιας
687 2153 793 2244 αὖτις
797 2098 941 2266 ἄγοιτο
966 2122 1094 2233 καλόκ·
1153 2182 1156 2187 ·

185 2287 236 2357 et
273 2281 312 2356 d’
367 2281 493 2395 ἕτερον
531 2280 708 2380 στέρξαι,
754 2274 882 2378 παρεὶς
918 2272 1005 2375 ἐμέ,
1051 2268 1198 2428 μύρτον

256 2513 426 2616 ἐῤῥίφθοι
451 2519 573 2616 ξηροῖς
596 2397 816 2615 (οέἴόλτῖζκσκ
841 2504 1052 2611 σκοβᾶλοις.

128 2773 176 2844 At
200 2768 289 2868 apud
321 2767 455 2841 Atticos
489 2775 523 2841 et
554 2768 591 2840 in
615 2792 717 2864 presa
732 2865 734 2869 v
750 2766 900 2866 oratione
926 2760 1076 2867 εἰςτὰς
1094 2762 1198 2864 ὥρας

130 2888 271 2980 dieitur,
303 2887 361 2959 ubi
396 2874 503 2960 annus¹
533 2884 706 2984 proximus
740 2885 965 2983 significatur:
1008 2908 1040 2955 ι.
1072 2878 1197 2981 Eurip.

128 3006 207 3106 Ipln.
249 3006 331 3078 Aul.
374 3009 461 3081 122.
500 3005 675 3102 Aristoph.
721 3005 811 3076 Rau.
844 3007 933 3079 380.
974 3000 1064 3075 Nun.
1106 3002 1196 3108 5623

130 3124 272 3196 Thesm.
297 3125 385 3200 050.
411 3124 518 3222 Ding.
543 3122 663 3196 Laert.
688 3121 740 3195 Π.
775 3125 849 3198 32.
865 3122 920 3218 qni
943 3121 1039 3194 lucus
1063 3121 1099 3192 in
1124 3121 1198 3218 pri-

83 3268 88 3279 ·
129 3241 192 3313 mis
229 3241 271 3311 ad
296 3242 382 3314 hanc
406 3267 476 3314 rem
503 3241 857 3318 accommodatusest.
914 3237 974 3312 Ex
1007 3263 1071 3335 que
1098 3262 1198 3335 aper·

130 3367 200 3430 tum
225 3365 280 3431 est¹
305 3359 404 3431 aliter
430 3360 660 3456 explicandam
686 3382 760 3431 esse
788 3357 873 3430 lanc
905 3356 1093 3430 formulam.
1144 3355 1198 3430 Ae

129 3502 198 3548 nen
222 3477 328 3549 sulum
354 3473 406 3571 μὴ
433 3473 576 3574 ὥρασιν
600 3474 768 3566 ἱκέσθαι,
796 3475 855 3549 sed
888 3474 987 3550 etiam
1019 3470 1071 3569 μὴ
1097 3470 1200 3570 aiod?

131 3591 299 3686 ἱκέσθαι,
327 3600 424 3689 atque
458 3593 541 3667 adea
566 3591 619 3690 μὴ
644 3591 750 3693 ὥραν
779 3590 891 3686 τινὸς,
904 3590 1116 3693 γίγνεσθαι,
1130 3591 1198 3665 dici

132 3710 300 3804 videmus,
342 3735 406 3807 qua
445 3711 552 3784 ferma
583 3737 664 3785 usus
706 3720 759 3786 est
801 3695 1017 3785 Timocreon.
1034 3709 1197 3784 Rhodius
1226 3768 1229 3773 r

132 3829 220 3928 apud
252 3828 469 3904 Plutarchum
501 3829 671 3909 Themiet.
703 3857 737 3905 c.
761 3832 825 3905 21.
851 3829 946 3903 cuins
970 3840 1107 3922 verens,
1140 3826 1199 3923 qui

133 3971 191 4019 ex
212 3948 355 4044 epitritis
389 3957 446 4022 et
456 3948 629 4048 dactylicis
654 3945 799 4024 numeris
824 3947 1001 4047 eumpcmti
1025 3953 1124 4038 sunt,
1149 3945 1198 4019 ita

133 4065 299 4148 scribendi
323 4068 527 4143 videnturrt
600 4080 602 4084 '
696 4101 722 4141 ·:.-
815 4128 817 4135 .
842 4099 905 4139 ;ι--·
1007 4073 1048 4140 ξε..
