2654 4786
373 396 422 456 nn
439 402 536 472 uaso,
559 403 686 472 rausi,
711 403 966 458 aasumensi.
1179 388 1201 451 5

133 577 189 643 que
222 577 294 644 pars
325 556 366 619 sit
397 554 474 619 alim
505 554 565 618 rei:
598 564 737 643 apparet,
770 555 922 622 relativam
954 576 1022 620 esso
1044 557 1202 622 notionem

133 678 258 723 caussae
279 656 432 745 partisque
452 655 616 739 absolutae,
638 657 658 722 i.
673 679 700 721 a.
722 655 811 722 mem
833 677 898 722 eam
920 679 1055 723 caussam
1075 665 1203 745 partam·

132 779 190 846 quo
211 758 352 845 intelligi,
374 779 449 844 quae
469 779 528 823 non
549 778 605 845 per
625 778 659 822 se
679 757 816 823 absoluta
835 758 886 842 sit,
908 757 961 823 sol
983 767 1105 843 mutum,
1126 759 1204 846 quotl

133 861 169 926 ad
192 861 291 926 datam
313 859 441 944 aliquam
464 859 571 924 seriem
585 880 755 924 caussarum
768 860 815 924 vel
829 859 1064 949 complexionem
1075 861 1204 948 partium

133 964 248 1044 attinet,
271 960 406 1027 habenda
427 961 467 1025 sit
488 983 541 1049 pro
564 960 709 1044 absoluta,
730 961 809 1048 quia,
831 984 888 1048 quo
910 957 1046 1026 samniti
1059 959 1203 1045 dicamus,

132 1064 161 1127 iu
184 1063 252 1149 ipsa
273 1063 332 1127 ista
352 1062 431 1127 serie
452 1084 621 1127 caussarum
644 1062 690 1127 vel
713 1063 920 1152 complexione
940 1062 1066 1153 partium
1085 1085 1203 1128 nonre-

131 1165 275 1252 periatur,
285 1163 337 1229 sed
350 1163 469 1229 aliunde
477 1164 518 1228 sit
528 1163 729 1253 repetendum.
749 1164 791 1233 vt
803 1165 831 1231 si
841 1163 953 1252 sagitta
962 1164 994 1229 in
1006 1186 1111 1230 suum
1122 1164 1203 1231 illisa

131 1265 295 1354 repellitur,
317 1286 420 1331 saxum
433 1263 524 1348 illua,
546 1264 621 1353 quod
635 1264 671 1330 al
690 1274 798 1332 motum
816 1267 944 1354 sagittae
960 1265 1076 1348 attinet,
1097 1287 1203 1331 caussa

130 1367 267 1432 absoluta
288 1366 391 1433 mutati
410 1374 507 1432 motus
529 1375 596 1450 est,
612 1365 680 1454 quia
702 1365 752 1432 lex
773 1366 840 1451 illa,
862 1390 919 1454 qua
939 1366 1051 1456 sagitta
1071 1368 1108 1432 ab
1130 1388 1201 1432 arcu

132 1468 240 1534 emissa
269 1483 418 1551 movetur,
451 1489 509 1532 nou
537 1475 636 1558 potest
661 1491 796 1535 caussam
824 1470 993 1552 continere,
1025 1490 1115 1556 quare
1141 1466 1202 1533 alia

131 1569 198 1658 lege
221 1593 259 1634 ea
280 1571 391 1657 sagitta
419 1578 583 1634 moveatur.
637 1567 677 1634 Et
704 1569 736 1634 in
763 1571 843 1635 serie
870 1573 1009 1636 arlrorum
1036 1569 1200 1656 aequalium

131 1670 305 1762 aequalique
328 1670 547 1760 comparatione
576 1670 785 1760 dispositarum
813 1673 840 1737 si
864 1694 921 1738 ona
941 1673 1033 1738 arbor
1053 1671 1200 1760 maguitu-

131 1772 198 1838 dino
226 1780 297 1838 ante
324 1780 439 1839 ceteras
465 1773 590 1855 eminet,
618 1795 654 1838 ea
676 1775 785 1856 arbor,
807 1773 888 1860 quotl'
912 1773 950 1839 al
977 1773 1086 1839 seriem
1120 1773 1201 1839 illam

131 1874 269 1941 arborum
291 1866 405 1958 attinet,
426 1863 497 1963 pars
519 1881 566 1939 est
578 1875 722 1959 absoluta,
744 1875 814 1963 quia
825 1875 857 1953 in
870 1875 922 1940 illa
933 1874 1050 1962 aequali
1061 1876 1200 1942 arborum

132 1964 353 2064 comparatione
373 1969 448 2042 nihil
470 1997 538 2041 essa
558 1984 667 2066 potest,
689 1977 765 2063 quod
788 1998 875 2044 unam
898 1996 999 2043 earum
1020 1976 1109 2044 aliam
1129 1998 1201 2042 esse

132 2077 269 2164 postulet.
1183 2088 1186 2095 “

604 2163 718 2333 aa
819 2172 822 2177 '

211 2379 299 2455 Quod
322 2381 349 2446 si
367 2381 403 2446 'in
424 2383 555 2448 normanis
576 2382 727 2449 iuvenitur
737 2382 836 2471 aliqua
850 2403 956 2448 caussa
966 2383 1112 2468 alrsoluta,
1133 2402 1198 2449 cam

131 2482 216 2548 talem
245 2504 312 2548 esse
339 2503 463 2549 necesse
490 2492 553 2567 est,
579 2505 654 2572 quac
679 2484 881 2550 tantummodo
908 2494 1054 2573 tamquam
1083 2504 1199 2566 caussa,

130 2584 289 2651 nonullam
311 2598 456 2672 tamquam
473 2583 596 2652 effectus
619 2596 770 2674 appareat.
797 2586 889 2674 Atqui
912 2593 1028 2669 caussa,
1048 2608 1123 2675 quae
1136 2595 1200 2651 lan·

129 2685 276 2753 tummodo
297 2687 402 2753 caussa
423 2695 479 2771 est,
500 2687 576 2753 nihil
588 2696 635 2754 est
654 2687 715 2754 nisi
736 2687 782 2752 vis
803 2687 914 2770 aliquid
929 2687 1074 2754 efficians.
1096 2687 1200 2775 ltaque

130 2811 235 2854 caussa
256 2787 392 2854 absoluta
412 2789 443 2852 in
466 2789 596 2855 numeris
619 2789 647 2854 vi
670 2789 793 2876 quadam
805 2788 999 2877 exprimenda
1015 2790 1201 2855 contineatur

129 2911 253 2955 necessa
266 2896 322 2972 est,
345 2892 419 2975 quae
439 2891 548 2955 seriem
570 2890 698 2977 aliquam
712 2900 877 2980 temporum
890 2891 1022 2980 incipiat.
1044 2891 1199 2973 lilautem,

129 3012 188 3077 qun,
205 2991 393 3079 exprimitur.
405 3012 444 3058 ea
463 2992 524 3075 uis,
546 3014 605 3058 nou
627 3001 726 3081 potest
745 3013 804 3058 uon
833 2993 864 3057 iu
891 2992 1019 3057 fortiore
1046 2990 1199 3057 notatione

128 3092 263 3173 alicuius,
276 3091 363 3157 unius
384 3093 526 3182 temporis
546 3094 783 3182 positomesse:
806 3092 894 3179 idque
915 3093 1029 3158 ictum
1050 3112 1198 3156 commus.

128 3191 272 3280 Estergo
289 3193 390 3259 ictus
411 3195 457 3260 vis
477 3196 574 3260 maior
593 3196 625 3260 in
642 3194 773 3261 notando
786 3193 884 3280 aliquo
898 3203 1041 3282 tempore,
1063 3214 1199 3259 caussam

127 3294 219 3363 serici
247 3297 418 3383 temporum
431 3296 596 3362 absolutam
617 3296 764 3363 iudicans.
806 3294 842 3360 lu
864 3295 1037 3382 symmetria
1053 3303 1150 3361 antem
1171 3295 1199 3359 si

126 3418 181 3482 qua
203 3417 277 3485 pars
298 3397 434 3463 absalom
460 3398 622 3480 inuenitur,
643 3419 707 3464 eam
727 3396 823 3476 talem
850 3418 918 3462 esse
939 3418 1063 3462 necesse
1085 3407 1145 3478 est,
1168 3403 1199 3459 ut

126 3518 189 3563 cam
218 3497 293 3563 illud
323 3499 520 3580 asse„cuios
547 3507 647 3564 cetera
673 3507 774 3586 partes
794 3498 870 3581 sint,
896 3520 956 3564 nou
984 3498 1073 3563 etiam
1090 3497 1197 3585 ipsum

126 3621 192 3665 csse
213 3599 452 3686 aliquamunam
469 3622 513 3673 ex
535 3600 683 3690 partibus,
709 3609 862 3690 appareat.
913 3599 1008 3687 Atqui
1034 3598 1081 3681 ia,
1113 3597 1197 3662 cuius

127 3700 186 3766 alia
207 3711 309 3790 partes
331 3715 415 3785 sunt,
444 3701 541 3767 unitas
562 3711 624 3784 est,
656 3700 693 3767 ao
715 3723 802 3787 quam
822 3702 877 3768 illa
897 3702 997 3767 omnia
1017 3701 1196 3766 reseruntur.

127 3799 229 3888 ltaque
250 3823 321 3890 pars
343 3803 479 3868 absoluta
505 3803 536 3867 in
558 3802 731 3891 symmetria
752 3803 864 3869 unitate
885 3803 984 3890 aliqua
1004 3795 1197 3889 exprimenda

129 3903 311 3985 continetur,
337 3904 374 3970 ad
403 3927 488 3992 quam
515 3925 620 3979 omnes
645 3905 808 3992 spatiorum
841 3905 1057 3992 descriptiones
1083 3899 1196 3964 relatae

130 4009 219 4068 totum
249 4005 319 4090 quid
346 4005 489 4071 alliciant.
526 4004 709 4088 luentem,
736 4028 793 4092 quo
821 4005 997 4095 exprimitur
1024 4023 1061 4067 ea
1086 4001 1195 4082 unitas,

131 4122 186 4177 non
207 4111 305 4192 potest
325 4130 385 4175 nou
407 4108 452 4175 in.
459 4120 567 4197 puncto
589 4128 657 4174 esse
679 4128 716 4176 eo
737 4106 886 4196 positum,
907 4105 983 4193 quod
1006 4105 1120 4194 pariter
1140 4102 1195 4168 toti
