2654 4786
130 397 193 464 190
511 415 580 469 nro.
599 414 643 468 rn.
679 412 807 470 conor.

127 562 382 653 polyscb'ematisti
406 562 611 646 inveniuntur,
639 585 678 628 ex
701 564 746 628 bis
768 562 925 652 compositi
949 575 1025 629 sont.
1069 563 1120 630 De
1143 566 1200 647 boc

128 672 221 730 metro
243 666 427 751 scripserunt
448 664 483 730 C.
506 665 544 731 Ε.
566 665 732 753 Geppertos
761 674 790 729 et
811 662 1046 749 Selckmannus,
1073 688 1198 754 quorum

128 765 165 829 de
193 764 452 830 dissertationibus
480 765 569 830 editis
597 765 735 831 Berolioi
762 788 790 830 a.
819 761 911 830 1834.
939 774 968 830 et
995 788 1054 855 ego
1079 767 1144 831 dixi
1166 769 1196 834 io

127 866 227 930 lahnii
256 864 422 930 Annalibus
449 887 476 929 a.
510 863 602 931 1834.
631 866 706 932 fasc.
733 866 763 932 3.
792 876 822 931 et
848 867 898 932 lu.
922 873 952 932 et
974 866 1014 933 Η.
1037 867 1197 934 Weissen-

127 967 202 1031 born
222 965 253 1030 in
283 966 398 1033 diurnis
420 967 715 1033 Darmstadiensibus
744 989 771 1031 a.
795 965 886 1033 1836.
914 991 943 1034 n.
965 949 1113 1035 30-32.
1159 969 1197 1034 ut

127 1068 176 1133 bic
198 1067 313 1155 quidem
343 1069 407 1156 ipse
435 1066 505 1133 libri
533 1068 570 1132 de
592 1070 725 1133 versibus
750 1064 1116 1158 Glyconeis'particolam
1136 1071 1194 1160 pri·

127 1193 203 1236 uram
226 1169 352 1257 Lipsiae
374 1191 401 1233 a.
426 1167 518 1234 1840.
541 1169 663 1234 alteram
688 1167 778 1236 1841.
800 1169 901 1234 edidit.
944 1169 1070 1236 Metrici
1087 1171 1195 1260 Glyco·

127 1294 199 1337 neos
220 1271 258 1335 ad
280 1272 461 1358 antispastos
483 1270 634 1353 referunt,
661 1273 737 1356 qood
766 1272 872 1336 falsum
896 1293 963 1336 esse
986 1294 1026 1335 ex
1047 1293 1085 1337 eo
1108 1294 1195 1361 appa·

126 1386 189 1454 ret,
217 1371 294 1459 quod
323 1373 411 1435 etiam
438 1394 457 1435 a
479 1373 618 1435 trochaeo
641 1372 796 1460 incipiunt.
846 1371 930 1437 Vnde
952 1395 970 1436 a
993 1372 1059 1437 basi
1082 1373 1195 1438 initium

126 1475 193 1541 ficri
219 1483 354 1561 apertum
374 1483 429 1538 est.
483 1472 562 1547 Quin
589 1474 751 1540 contractio
781 1473 912 1539 brevium
938 1474 971 1538 in
993 1474 1194 1541 Pherecrates

126 1577 204 1664 aprrd
225 1573 373 1642 Catullum
395 1573 482 1638 LXI.
503 1573 555 1639 25.

210 1694 381 1757 nutriunt
399 1691 556 1775 humore,

126 1811 215 1876 etiam
243 1809 360 1896 syllaba
387 1810 552 1874 breviorem
574 1809 726 1874 redditura
748 1817 828 1875 essct
849 1831 982 1893 versum,
1009 1832 1099 1898 qnam
1127 1813 1195 1877 sinit

126 1908 177 1977 lex
209 1907 311 1978 metri
328 1910 524 1998 antispastici.
577 1911 696 1976 Seneca
727 1912 759 1975 in
785 1911 900 1999 Oedipo
931 1912 1019 1977 etiam
1049 1912 1194 2000 Glycooei

126 2009 273 2101 dactylum
302 2010 333 2076 in
360 2012 523 2100 spondeum
554 2013 698 2078 convertit
719 2034 755 2079 eo
777 2013 809 2076 in
832 2014 979 2096 carmine,
1011 2015 1091 2101 qood
1115 2024 1194 2080 esta

128 2137 154 2180 v.
176 2113 249 2180 882.
273 2124 305 2180 ut

209 2234 287 2298 cela
309 2254 353 2297 ne
368 2253 517 2320 precene
535 2234 653 2324 gravi

209 2336 344 2418 spiritu
366 2345 539 2398 antennae
557 2345 713 2423 gemant.

125 2470 229 2535 Prima
251 2469 328 2534 enim
357 2490 449 2556 eaque
477 2469 605 2534 maxime
628 2467 756 2558 simplex
778 2478 808 2535 et
829 2467 952 2556 elegans
975 2467 1194 2561 Glycooeorurp

39 2638 46 2651 ‚
125 2571 222 2636 lorma
243 2573 317 2638 haee
339 2578 399 2634 est:

245 2688 252 2707 Ι
292 2689 300 2707 Ι

238 2733 258 2749 n
281 2732 300 2747 ι·
325 2704 499 2773 'LUU-KJ-

125 2823 210 2898 Quod
234 2844 329 2910 genos
353 2844 488 2887 versuum
510 2822 682 2910 plerumque
704 2830 867 2908 systemata
887 2823 977 2904 lacit,
1010 2845 1088 2909 quae
1110 2847 1193 2892 verso

34 3010 35 3014 Ἰ
125 2925 305 3006 catalectico,
328 2925 376 3011 qui
398 2924 682 2988 Pherecrateus
705 2924 829 3008 dicitur,
851 2925 931 2990 finiri
953 2924 1066 2990 solent:

237 3089 255 3104 ..
278 3087 298 3102 ··
324 3058 328 3128 Ι
342 3058 469 3104 Low-0

124 3159 229 3249 Eurip.
251 3160 395 3225 Androm.
418 3160 491 3225 502.

208 3275 261 3341 ἅδ’
286 3277 344 3362 dyoi
364 3280 457 3364 χέρας
479 3278 612 3360 αἱματη-

210 3378 268 3463 ρὰς
288 3379 429 3465 βρόχοισι
451 3380 622 3459 κεκλῃμένα

209 3481 368 3561 πέμπομαι
389 3481 467 3545 κατὰ
488 3482 585 3565 γαίας.

477 3675 480 3679 ,
595 3649 629 3736 §-
651 3647 724 3714 ooo.

209 3784 268 3860 Qui
289 3783 581 3872 polyschematistom
603 3785 660 3850 hoc
682 3794 805 3851 metrum
828 3785 974 3868 lecerunt,
995 3785 1092 3874 primo
1109 3786 1191 3873 logo·

124 3887 259 3953 oedicum
289 3884 423 3952 ordinem
450 3886 482 3949 io
511 3886 711 3952 choriambum
739 3895 769 3952 et
788 3887 917 3954 iambum
939 3894 1103 3971 mutarunt,
1134 3909 1190 3974 quo

123 3990 285 4078 penultima
307 3987 424 4076 syllaba
444 4009 552 4076 anceps
574 3989 655 4056 lacta
676 3997 736 4056 est:

235 4105 255 4171 ,ί
279 4107 300 4167 ‚t
325 4122 523 4194 prou-poa
