2654 4786
125 370 149 438 8
303 392 310 399 ·
521 387 592 441 uun.
611 387 632 440 ι.
666 385 746 441 cur.
764 386 811 440 ιιι.

127 537 180 604 alii
200 536 406 628 periodici,
431 537 481 625 qni
504 559 543 604 ex
564 537 697 628 pluribus
717 536 873 604 ordinibus
894 559 952 603 uno
975 557 1097 618 numero
1120 559 1200 604 com·

30 686 33 689 ,
126 639 301 730 prehensis,
322 640 342 706 i.
365 663 391 706 e.
413 662 452 707 ex
475 662 532 706 una
553 639 700 706 communi
722 661 829 706 caussa
849 640 923 705 ortis
945 639 1101 728 compositi
1120 648 1200 705 sunt.

127 742 206 808 Nam
228 749 260 807 ut
280 741 467 829 singulorum
490 751 652 832 temporum
675 743 882 824 successione,
908 741 952 807 ita
973 741 1061 806 etiam
1083 762 1201 808 sncces-

127 844 419 932 sioue'intogrorum
441 843 578 911 ordinum
609 842 705 909 sorios
733 864 904 909 caussarum
934 851 1022 930 atque
1042 841 1201 908 effectuum

128 944 351 1034 repraesentari
371 954 487 1034 potest,
514 952 633 1012 servata
660 944 730 1033 lege
756 945 961 1032 aequalitatis,
989 951 1049 1030 nt,
1063 944 1202 1031 quemad·

130 1045 246 1112 modum
274 1048 307 1113 in
328 1046 513 1136 simplicibus
535 1046 689 1114 ordinibus
710 1046 832 1135 singula
852 1055 1001 1137 tempora,
1032 1045 1130 1112 sicin
1152 1067 1203 1136 po·

132 1147 256 1214 riodicis
278 1148 400 1215 ordines
421 1148 535 1236 singuli
555 1148 616 1214 sibi
636 1170 725 1237 pares
747 1148 818 1230 sint,
840 1158 872 1213 nt

607 1452 643 1541 a.
672 1454 723 1520 ue.

218 1587 333 1655 Eodem
355 1589 459 1672 modo,
488 1596 520 1654 nt
548 1591 625 1658 arsis
654 1613 673 1657 ιι
700 1591 778 1656 thesi
805 1589 913 1656 maiori
939 1589 968 1654 vi
996 1609 1130 1654 caussam
1155 1588 1206 1655 ab·

131 1689 258 1755 solutam
279 1689 429 1756 indicante
452 1688 661 1779 distinguitur,
689 1693 777 1758 etiam
799 1692 896 1782 prima
918 1680 1053 1757 ordinum
1075 1688 1205 1805 periodi·

132 1811 233 1856 corum
255 1795 344 1874 arsis,
366 1799 397 1856 ut
418 1813 493 1879 quae
516 1814 649 1859 caussam
671 1793 833 1860 absolutam
855 1792 1072 1880 insequentium
1096 1791 1225 1868 arsinm¹

133 1892 293 1975 contineat,
314 1891 424 1959 fertior
444 1892 505 1958 illis
529 1900 583 1960 est.
605 1895 682 1961 Nam
693 1917 835 1992 quaeque
857 1893 1072 1981 insequentium
1095 1893 1206 1957 arsium

133 1993 270 2065 absoluta
292 2001 353 2077 est,
380 1993 458 2082 quod
488 1997 593 2061 attinet
619 1997 656 2062 ad
684 2018 750 2063 enm
780 1994 931 2078 ordinem,
957 2015 1046 2060 eosve
1073 1980 1208 2077 ordines,

133 2094 184 2183 qui
205 2117 245 2162 ex
266 2090 333 2185 ipsa
360 2103 539 2216 nascuntnr3
564 2118 624 2164 non
646 2096 797 2195 absoluta,
826 2092 903 2186 quod
930 2097 1036 2162 attinet
1061 2095 1098 2161 ad
1120 2086 1207 2186 p'r'ao·

135 2197 287 2264 cedentem
310 2197 403 2281 arsin,
426 2198 509 2264 cuius
530 2199 598 2289 ipsa
618 2197 742 2265 effectus
764 2205 819 2264 ost

612 2367 646 2454 ι.
673 2367 726 2436 ιιι.

220 2501 301 2566 llinc
327 2503 375 2584 bt,
402 2511 435 2566 ut
460 2503 591 2568 arsisio
613 2525 649 2569 eu
673 2503 798 2586 ordine,
825 2504 908 2570 cuins
936 2505 1003 2593 ipsa
1030 2505 1208 2594 principium

135 2611 191 2687 est,
213 2611 326 2669 mutare
347 2603 457 2690 aliquid
481 2605 593 2693 possit,
620 2605 706 2692 isque
727 2606 819 2688 ordo,
846 2615 988 2691 quatenus
1010 2608 1047 2672 ab
1069 2629 1123 2672 sua
1145 2606 1209 2672 arsi

135 2703 254 2792 pendet,
277 2712 431 2793 exemptus
453 2705 493 2769 sit
514 2705 657 2793 lege,illo
678 2706 875 2793 aequalitatis.
920 2708 1025 2773 Potest
1045 2717 1141 2774 antem
1161 2729 1210 2774 co·

136 2805 414 2890 biberesevisilla,
437 2804 601 2874 cuiusmodi
612 2796 978 2875 ordines'i'mminutos
1001 2830 1154 2892 vocamus3
1178 2819 1209 2877 nt

137 3080 176 3124 ex
197 3080 254 3147 qnu
275 3082 389 3148 genere
410 3069 498 3144 sunt,
521 3063 570 3151 qui
592 3061 755 3127 catalectici
778 3065 894 3129 numeri
916 3075 946 3130 et
966 3065 1135 3148 logaoedici
1158 3089 1210 3158 ap·

136 3158 292 3248 pellantur.
329 3162 364 3227 ln
386 3163 433 3228 his
455 3186 530 3250 quae
551 3164 630 3229 arsis
650 3170 743 3229 mutat
763 3163 898 3231 ordinum
920 3167 1130 3250 conditionem,
1152 3169 1211 3235 etsi

137 3280 196 3326 non
218 3262 329 3328 sortior
351 3272 398 3328 est
417 3265 514 3355 prima
535 3266 613 3349 arsi,
641 3288 695 3331 nec
715 3273 813 3355 potest
834 3267 942 3333 fortior
964 3291 1048 3351 esso,
1075 3279 1108 3334 ut
1134 3293 1211 3357 quae

138 3383 178 3426 ex
197 3361 250 3429 illa
272 3372 342 3430 nata
362 3365 414 3448 sit,
435 3375 531 3432 tamen
554 3390 593 3432 ne
614 3368 752 3433 cohibere
774 3367 890 3454 quidem
912 3392 979 3434 sese
1000 3377 1118 3459 posset,
1149 3371 1211 3437 nisi

137 3464 283 3552 peculiari
304 3466 429 3554 quodam
451 3469 563 3534 renisu.
605 3469 698 3552 Hinc,
720 3469 770 3556 qni
792 3469 954 3558 diligenter
975 3471 1144 3555 attenderit,
1164 3472 1212 3537 la-

139 3564 196 3629 cile
217 3565 343 3652 videbit,
371 3568 428 3633 etsi
450 3590 507 3634 non
530 3570 700 3653 fortiorem,
729 3580 760 3636 at
785 3571 931 3660 singulari
954 3581 1050 3638 tamen
1073 3573 1103 3637 vi
1124 3595 1211 3662 prae·

138 3665 230 3732 ditam
251 3691 320 3736 esse
341 3671 422 3735 arsin
444 3671 580 3738 ordinum
602 3672 820 3790 periodicornm
842 3697 924 3791 eam,
953 3698 1026 3771 quac
1049 3683 1141 3741 mutat
1162 3698 1212 3742 nr-

139 3767 240 3835 dinum
261 3770 477 3858 conditionem,
497 3782 529 3838 nt
549 3782 728 3862 postremam
749 3776 832 3852 arsin
852 3775 885 3842 in
906 3776 954 3845 bis
977 3778 1120 3862 numeris,

239 3887 257 3928 -ῑ
264 3906 427 3936 υυυυυυ
428 3912 454 3960 ‚0
504 3891 523 3932 Δ
530 3909 729 3965 υυυυυυυυ
809 3932 811 3936 ,

141 3999 171 4054 et
191 3991 310 4057 tertiam
331 3992 364 4056 in
387 3992 442 4056 boc
