2654 4786
475 414 545 468 mu.
560 412 608 467 ill.
643 409 724 466 CAP.
739 410 834 468 xviri.

598 563 633 649 6.
655 562 728 630 606.

212 717 257 783 Ac
278 715 374 805 primo
396 713 569 799 videndum,
598 739 636 781 ne
658 722 747 781 nota
768 724 798 780 et
823 712 972 779 usitata
998 718 1118 777 metra
1146 711 1192 776 de-

128 820 273 884 litescant.
317 816 379 883 Sed
402 819 538 904 quoniam
562 817 670 883 multae
693 823 852 882 metrorum
877 816 991 880 formae
1013 812 1144 878 nondum
1165 814 1192 877 in

127 921 221 984 lucem
242 925 410 1009 protractae
432 925 509 1000 sunt,
533 918 639 1005 augeri
661 915 800 1006 deinceps
829 916 933 982 borum
963 921 1124 980 metrorum
1146 936 1193 979 nu·

128 1043 237 1086 merum
262 1042 384 1086 necesse
407 1027 469 1101 est,
492 1019 639 1106 multaque
662 1026 756 1083 metra
778 1015 848 1083 olim
871 1017 905 1082 iu
926 1015 1004 1082 notis
1027 1024 1058 1079 et
1080 1015 1193 1080 usitatis

126 1121 256 1186 habitum
279 1122 327 1204 iri,
350 1143 424 1208 quae
447 1120 536 1185 bodie
559 1119 686 1185 nondum
708 1120 781 1186 satis
798 1118 921 1204 cognita
941 1126 1020 1182 sunt.

543 1400 547 1410 f
601 1353 635 1440 ς.
657 1351 730 1419 600.

192 1524 310 1590 Deinde
324 1523 530 1589 attendendum
541 1523 578 1588 ad
592 1521 925 1611 interpunctiones
939 1530 969 1586 et
987 1521 1094 1586 fines
1115 1543 1196 1585 sen·

127 1627 342 1692 tentiarnm.
372 1626 611 1692 Consentaneum
634 1631 679 1689 est
693 1624 783 1705 enim,
805 1645 869 1687 cum
881 1622 1030 1687 sententia
1041 1623 1195 1688 verborum

127 1727 173 1791 vel
195 1725 329 1814 partibus
354 1727 425 1790 eius
452 1727 623 1814 plerumque
653 1726 741 1789 etiam
768 1746 904 1789 versuum
927 1724 1002 1788 fines
1026 1724 1195 1788 convenire.

127 1826 309 1912 Quamquam
331 1847 390 1891 non
414 1849 450 1890 ea
471 1835 517 1892 est
539 1827 626 1891 buius
648 1827 694 1890 rei
715 1826 897 1907 necessitas,
919 1833 950 1890 ut
972 1846 1032 1890 non
1056 1825 1146 1890 etiam
1167 1824 1195 1888 iu

127 1927 400 1998 mediasententia
428 1947 532 1993 versus
561 1927 641 1990 liniri
669 1927 773 2014 possit.
825 1926 903 1999 Quin
932 1923 1081 1990 interdum
1111 1926 1195 1990 etiam

57 2087 61 2094 ,
126 2030 220 2094 virtus
243 2031 384 2115 quaedam
407 2029 437 2092 iu
461 2049 497 2092 60
520 2042 575 2109 est,
598 2029 625 2092 si
646 2028 724 2111 ultra
736 2028 821 2091 metri
838 2027 979 2091 terminos
995 2027 1142 2115 producta
1154 2032 1196 2090 est

128 2132 233 2196 oratio.

596 2313 631 2400 ς.
655 2313 729 2378 606.
810 2381 811 2384 ¹

213 2482 301 2570 Apud
322 2488 427 2568 poetas
443 2481 577 2547 scenicos
595 2504 684 2570 saepe
701 2480 790 2546 etiam
813 2479 968 2547 mutatio
992 2482 1195 2570 personae,

128 2599 159 2648 ut
181 2605 254 2669 qnae
283 2604 347 2645 cum
375 2604 468 2670 pausa
494 2583 592 2667 aliqua
619 2585 776 2649 coniuncta
803 2605 871 2648 esse
899 2582 1009 2666 soleat,
1038 2584 1133 2648 index
1154 2591 1195 2647 est

128 2707 230 2750 versus
254 2683 339 2747 finiti.
1208 2676 1214 2689 ‘

597 2869 632 2953 §-
653 2868 725 2933 606.

213 3037 310 3101 Porro
334 3037 421 3100 etiam
446 3036 538 3100 linis
562 3035 737 3101 vocabuli
764 3037 875 3102 indicio
898 3045 944 3102 est
964 3059 1084 3103 versum
1107 3036 1195 3102 finiri.

127 3137 168 3201 Et
189 3148 351 3222 systemata
373 3138 488 3223 quidem
512 3158 547 3201 66
568 3138 706 3225 strophas
729 3139 848 3203 omuino
871 3138 990 3225 integra
1005 3159 1077 3202 voce
1097 3136 1195 3203 termi-

128 3242 195 3302 nari
221 3259 343 3302 necesse
373 3247 426 3303 est.
478 3238 647 3324 Eademque
674 3240 782 3326 regula
810 3241 983 3304 observatur
1006 3240 1037 3302 in
1059 3240 1195 3304 versibus

128 3340 178 3420 iis,
200 3360 273 3424 quos
295 3359 353 3402 nou
377 3358 471 3403 nexos
494 3340 718 3405 nominavimus.
740 3340 809 3404 Nisi
831 3361 917 3426 quum
940 3341 1095 3414 breviores
1117 3347 1195 3419 suut,

130 3451 160 3504 ut
181 3440 247 3503 sine
269 3439 452 3521 offensione,
481 3442 568 3505 immo
596 3441 744 3522 interdum
765 3442 853 3506 etiam
876 3441 1031 3528 eleganter
1052 3439 1196 3527 coniungi

129 3541 186 3606 duo
208 3562 310 3604 versus
333 3540 428 3604 diviso
452 3541 593 3607 vocabulo
615 3543 747 3630 possint,
777 3551 808 3606 nt
830 3543 868 3606 ‘in
889 3543 1013 3631 stropha
1035 3541 1195 3630 Sapphica

129 3642 332 3727 Similiterque
361 3641 450 3705 etiam
479 3644 509 3706 in
537 3643 724 3730 longioribus
752 3644 887 3708 versibus
916 3651 961 3708 est
985 3643 1039 3711 ,uui
1060 3640 1196 3708 vocabuli

129 3743 249 3825 divisio,
272 3743 299 3807 si
323 3743 497 3808 vocabulum
520 3746 713 3833 compositum
736 3756 792 3826 est,
811 3753 840 3810 et
857 3754 1014 3833 propterea
1031 3744 1193 3810 faciliusin

129 3844 201 3910 duas
223 3851 323 3932 partes
345 3840 470 3909 distrahi
491 3854 598 3933 potest,
620 3846 798 3912 admittatur.
843 3846 991 3910 Pindarus
1014 3844 1062 3911 Ol.
1083 3845 1170 3914 xlv.

213 3991 307 4058 πότνι’
328 3994 462 4079 Ἀγλαΐα,
486 4000 606 4080 palpel-

211 4096 313 4177 potul
331 4096 359 4168 τ’,
380 4095 577 4184 Εὐφροσύνα,
600 4103 682 4161 θεῶν
703 4099 875 4184 κρατίστου.
