2654 4786
523 398 573 455 ns
591 400 795 475 ounrnmvs.
1056 386 1060 393 “
1180 385 1202 448 b

606 547 642 636 s.
669 550 722 617 rr.

212 682 320 750 Potest
349 705 421 749 vero
454 684 543 750 etium
574 684 743 751 increscere
774 687 820 751 vis
853 705 957 751 erseos
989 686 1020 751 in
1047 685 1202 753 ordinibus

126 784 309 875 periodicis:
331 783 383 851 sed
405 784 463 851 boc
484 808 571 874 quum
593 787 636 870 fit,
657 809 695 852 eu
715 786 804 870 ersis,
825 809 900 874 quoe
922 787 1031 854 sortior
1052 796 1098 854 ost
1116 809 1202 876 preo-

127 886 270 971 cedente,
301 886 499 974 meioremque
525 910 564 953 ox
585 909 619 954 se
640 887 775 954 ordinem
796 897 950 978 procreet,
978 889 1054 955 nibil
1074 899 1120 954 est
1141 889 1202 954 nisi

128 1008 205 1053 nove
228 997 258 1053 et
281 1010 340 1054 non
362 1010 401 1052 ex
422 1010 602 1078 praegressa
618 991 680 1056 ursi
701 991 1044 1072 natucaussnnbsolutn,
1066 984 1201 1056 incidens

129 1091 159 1154 in
181 1089 266 1155 arsin
289 1089 493 1156 secundarium
515 1084 689 1181 praegressi
710 1090 842 1173 ordinis3
865 1091 922 1157 boc
943 1091 1046 1158 modo:

131 1409 234 1496 quibus
257 1410 411 1476 ordinibus
430 1411 594 1477 coniunctis
616 1376 755 1479 uumerus
777 1412 908 1478 nuscitur
929 1412 988 1496 bic,

131 1650 214 1717 quem
237 1638 362 1719 suppuret
390 1651 447 1695 non
469 1650 559 1720 posse
586 1632 735 1721 proferri,
762 1631 821 1697 nisi
847 1631 955 1698 lortius
983 1652 1128 1722 expresse
1155 1655 1202 1698 se-

132 1731 226 1797 cunde
253 1731 336 1815 arsi,
368 1739 402 1797 nt
428 1737 502 1818 quse
528 1733 652 1799 nonsit
682 1744 753 1799 nutu
773 1756 812 1799 ex
840 1755 894 1818 ee,
926 1755 1001 1822 quus
1022 1754 1204 1823 praegresso

131 1842 189 1898 est:
212 1855 241 1899 v.
265 1854 292 1900 c.
611 1844 614 1849 '

236 1973 308 2016 rex
327 1946 486 2038 Olympio
500 1944 668 2023 coelicola
735 1970 970 2018 ιυιυυιυυυ

132 2070 205 2157 qnod
230 2077 334 2136 contro
354 2069 484 2137 inversis
506 2071 660 2138 ordinibus
682 2070 829 2139 decrescit
855 2073 900 2138 uis
923 2073 1034 2139 arsium
1057 2081 1087 2136 et
1107 2071 1202 2137 immi·

133 2171 241 2254 ruitur,
264 2178 295 2237 ut
317 2192 356 2236 ex
378 2193 435 2237 une
457 2172 520 2237 ursi
541 2183 693 2241 naturumc

228 2290 374 2380 pcicifor
397 2287 562 2380 Olympus
583 2303 620 2357 ct
640 2289 737 2358 Orco.
770 2307 788 2349 c
793 2324 953 2355 oooooo
957 2323 1001 2352 .υ

135 2407 197 2475 llos
220 2408 343 2475 ordines
363 2410 544 2498 periodicos,
565 2411 597 2475 in
619 2411 724 2498 quibus
738 2431 817 2475 nova
830 2409 908 2475 arsis
919 2408 1044 2492 accedit,
1065 2429 1203 2475 numeros

135 2518 335 2577 concretos
357 2533 511 2579 vocemus:
534 2512 571 2579 de
593 2513 698 2600 quibus
718 2511 777 2578 vid.
789 2511 885 2578 Elone·
897 2511 926 2577 d.
936 2533 976 2578 m.
987 2532 1015 2599 p.
1026 2509 1102 2580 ote
1120 2534 1202 2598 seqq.

609 2678 725 2767 §.cn

213 2815 361 2881 Nolumus
383 2822 481 2904 antem
503 2817 535 2882 in
556 2815 711 2883 ordinibus
732 2814 894 2904 periodicis
915 2815 971 2896 iis,
992 2815 1043 2900 qui
1063 2814 1203 2902 cequrales

133 2916 176 2982 vel
196 2916 368 2983 imminutos
390 2917 511 2984 ordines
539 2918 657 3001 babent,
679 2918 803 3007 primam
832 2925 942 2982 tentum
965 2917 1046 2981 ursin
1068 2915 1141 2980 ictu:
1171 2916 1202 2980 in

134 3019 280 3084 concretis
308 3013 405 3083 autem
434 3018 521 3084 etiam
549 3040 653 3086 novem
680 3019 763 3085 illam
789 3018 881 3083 arsin.
930 3014 1071 3083 Ceterum
1101 3018 1203 3083 obscr-

134 3119 256 3187 rnndum
278 3126 334 3202 est,
357 3118 586 3209 descriptionem
608 3121 723 3188 numeri
744 3119 845 3203 belem,

237 3221 246 3247 Ι
316 3219 325 3245 Ι
422 3220 430 3246 Ι

134 3320 289 3412 dupliciter
308 3321 441 3411 intelligi
466 3336 564 3414 posse.
614 3323 691 3388 Nem
719 3330 770 3387 eut
785 3314 872 3387 'ordo
901 3321 1069 3423 periodicus
1097 3329 1203 3388 estex

134 3423 279 3490 concretis
301 3424 444 3509 numeris,
507 3432 511 3441 '

286 3625 386 3672 έυυ-

137 3808 165 3874 in
193 3832 249 3898 qun
278 3811 367 3900 primi
395 3812 452 3877 duo
481 3812 603 3878 ordines
631 3813 710 3879 ultra
737 3814 835 3880 thesin
857 3837 939 3879 suem
963 3811 1202 3901 progrediuntur,

138 3919 181 4073 put
209 3914 390 4001 compositus
423 3922 469 3980 est
502 3938 541 3980 ex
570 3913 724 3982 ordinibus
757 3916 956 4004 simplicibus,
990 3913 1039 3999 qui
1067 3933 1125 3976 non
1154 3934 1201 3976 co·

156 4022 266 4096 serent,

262 4149 285 4178 υ
312 4133 392 4202 lvx),
410 4134 518 4190 έυυυ,
