<?xml version="1.0" encoding="UTF-8"?>
<!DOCTYPE html PUBLIC "-//W3C//DTD XHTML 1.0 Transitional//EN"
    "http://www.w3.org/TR/xhtml1/DTD/xhtml1-transitional.dtd">
<html xmlns="http://www.w3.org/1999/xhtml" xml:lang="en" lang="en">
 <head>
  <title>
</title>
<meta http-equiv="Content-Type" content="text/html;charset=utf-8" />
  <meta name='ocr-system' content='tesseract 3.04.00' />
  <meta name='ocr-capabilities' content='ocr_page ocr_carea ocr_par ocr_line ocrx_word'/>
</head>
<body>
  <div class='ocr_page' id='page_1' title='image "./epitomedoctrina00harmgoog_0312.png"; bbox 0 0 2654 4786; ppageno 0'>
   <div class='ocr_carea' id='block_1_1' title="bbox 429 380 1270 450">
    <p class='ocr_par' dir='ltr' id='par_1_1' title="bbox 429 380 1270 450">
     <span class='ocr_line' id='line_1_1' title="bbox 429 380 1270 450; baseline 0.006 -10"><span class='ocrx_word' id='word_1_1' title='bbox 429 387 477 441; x_wconf 81' lang='lat' dir='ltr'><strong><em>uu</em></strong></span> <span class='ocrx_word' id='word_1_2' title='bbox 496 389 668 446; x_wconf 82' lang='lat' dir='ltr'>vuusruvs</span> <span class='ocrx_word' id='word_1_3' title='bbox 689 391 909 450; x_wconf 70' lang='lat' dir='ltr'>ouucouura</span> <span class='ocrx_word' id='word_1_4' title='bbox 1140 380 1201 447; x_wconf 76' lang='lat' dir='ltr'><strong><em>loa</em></strong></span> <span class='ocrx_word' id='word_1_5' title='bbox 1264 436 1270 445; x_wconf 80' lang='grc'><strong><em>.</em></strong></span> 
     </span>
    </p>
   </div>
   <div class='ocr_carea' id='block_1_2' title="bbox 222 537 796 1677">
    <p class='ocr_par' dir='ltr' id='par_1_2' title="bbox 222 537 796 1643">
     <span class='ocr_line' id='line_1_2' title="bbox 222 537 719 628; baseline 0.01 -25"><span class='ocrx_word' id='word_1_6' title='bbox 222 537 261 604; x_wconf 82' lang='lat'><strong><em>10</em></strong></span> <span class='ocrx_word' id='word_1_7' title='bbox 288 539 426 614; x_wconf 85' lang='grc' dir='ltr'><strong><em>Σικελίας</em></strong></span> <span class='ocrx_word' id='word_1_8' title='bbox 446 537 591 628; x_wconf 76' lang='grc' dir='ltr'><strong><em>Ζεφύρου</em></strong></span> <span class='ocrx_word' id='word_1_9' title='bbox 613 552 719 621; x_wconf 78' lang='grc' dir='ltr'><em>πνοαῖς</em></span> 
     </span>
     <span class='ocr_line' id='line_1_3' title="bbox 287 636 683 732; baseline 0.013 -28"><span class='ocrx_word' id='word_1_10' title='bbox 287 636 488 718; x_wconf 74' lang='grc' dir='ltr'><strong><em>ἱππεύσαντος</em></strong></span> <span class='ocrx_word' id='word_1_11' title='bbox 509 645 540 707; x_wconf 71' lang='grc' dir='ltr'><strong><em>ἓν</em></strong></span> <span class='ocrx_word' id='word_1_12' title='bbox 562 643 683 732; x_wconf 75' lang='grc' dir='ltr'><strong><em>οὐρανῷ</em></strong></span> 
     </span>
     <span class='ocr_line' id='line_1_4' title="bbox 336 741 686 828; baseline 0.014 -24"><span class='ocrx_word' id='word_1_13' title='bbox 336 741 499 808; x_wconf 88' lang='grc' dir='ltr'><strong><em>κάλλιστον</em></strong></span> <span class='ocrx_word' id='word_1_14' title='bbox 519 742 686 828; x_wconf 75' lang='grc' dir='ltr'><strong><em>κελάδημα,</em></strong></span> 
     </span>
     <span class='ocr_line' id='line_1_5' title="bbox 286 839 735 932; baseline 0.016 -26"><span class='ocrx_word' id='word_1_15' title='bbox 286 839 392 920; x_wconf 83' lang='grc' dir='ltr'><strong><em>πόλεος</em></strong></span> <span class='ocrx_word' id='word_1_16' title='bbox 414 847 635 932; x_wconf 69' lang='grc' dir='ltr'><strong><em>ἐκπροκριθεῖά</em></strong></span> <span class='ocrx_word' id='word_1_17' title='bbox 659 850 735 930; x_wconf 75' lang='grc' dir='ltr'><strong><em>ἐμάς</em></strong></span> 
     </span>
     <span class='ocr_line' id='line_1_6' title="bbox 241 945 670 1039; baseline 0.009 -31"><span class='ocrx_word' id='word_1_18' title='bbox 241 948 244 953; x_wconf 80' lang='grc'><strong>’</strong></span> <span class='ocrx_word' id='word_1_19' title='bbox 277 945 529 1029; x_wconf 73' lang='grc' dir='ltr'><strong><em>’καλλιστεύματα</em></strong></span> <span class='ocrx_word' id='word_1_20' title='bbox 549 949 670 1039; x_wconf 78' lang='grc' dir='ltr'><strong><em>Λοξίρι·</em></strong></span> 
     </span>
     <span class='ocr_line' id='line_1_7' title="bbox 333 1049 766 1136; baseline 0.005 -24"><span class='ocrx_word' id='word_1_21' title='bbox 333 1049 499 1131; x_wconf 81' lang='grc' dir='ltr'><strong><em>Καδμείων</em></strong></span> <span class='ocrx_word' id='word_1_22' title='bbox 520 1049 547 1114; x_wconf 76' lang='grc' dir='ltr'><strong><em>δ’</em></strong></span> <span class='ocrx_word' id='word_1_23' title='bbox 570 1049 680 1131; x_wconf 68' lang='grc' dir='ltr'><strong><em>λ’μολον</em></strong></span> <span class='ocrx_word' id='word_1_24' title='bbox 700 1057 766 1136; x_wconf 80' lang='grc' dir='ltr'><strong><em>γᾶν,</em></strong></span> 
     </span>
     <span class='ocr_line' id='line_1_8' title="bbox 335 1149 671 1236; baseline 0.012 -23"><span class='ocrx_word' id='word_1_25' title='bbox 335 1153 457 1215; x_wconf 79' lang='grc' dir='ltr'><strong><em>κλεινῶν</em></strong></span> <span class='ocrx_word' id='word_1_26' title='bbox 473 1149 671 1236; x_wconf 76' lang='grc' dir='ltr'><strong><em>Ἀγηνοριδᾶν</em></strong></span> 
     </span>
     <span class='ocr_line' id='line_1_9' title="bbox 238 1247 638 1335; baseline 0.008 -21"><span class='ocrx_word' id='word_1_27' title='bbox 238 1249 256 1314; x_wconf 81' lang='grc'><strong>5</strong></span> <span class='ocrx_word' id='word_1_28' title='bbox 290 1247 439 1335; x_wconf 76' lang='grc' dir='ltr'><strong><em>ὁμογενεῖς</em></strong></span> <span class='ocrx_word' id='word_1_29' title='bbox 461 1253 507 1316; x_wconf 78' lang='grc' dir='ltr'><strong><em>ἐπὶ</em></strong></span> <span class='ocrx_word' id='word_1_30' title='bbox 529 1255 638 1317; x_wconf 76' lang='grc' dir='ltr'><strong><em>Λοίοο</em></strong></span> 
     </span>
     <span class='ocr_line' id='line_1_10' title="bbox 331 1350 796 1441; baseline 0.004 -26"><span class='ocrx_word' id='word_1_31' title='bbox 331 1352 495 1439; x_wconf 73' lang='grc' dir='ltr'><strong><em>αεμφθεῖά</em></strong></span> <span class='ocrx_word' id='word_1_32' title='bbox 520 1350 631 1418; x_wconf 74' lang='grc' dir='ltr'><strong><em>ἐνθάδε</em></strong></span> <span class='ocrx_word' id='word_1_33' title='bbox 653 1351 796 1441; x_wconf 78' lang='grc' dir='ltr'><strong><em>πύργους,</em></strong></span> 
     </span>
     <span class='ocr_line' id='line_1_11' title="bbox 278 1452 742 1542; baseline 0.015 -28"><span class='ocrx_word' id='word_1_34' title='bbox 278 1452 331 1515; x_wconf 68' lang='grc' dir='ltr'><strong><em>’ἶνα</em></strong></span> <span class='ocrx_word' id='word_1_35' title='bbox 352 1452 377 1517; x_wconf 76' lang='grc' dir='ltr'><strong><em>τ’</em></strong></span> <span class='ocrx_word' id='word_1_36' title='bbox 401 1453 556 1537; x_wconf 78' lang='grc' dir='ltr'><strong><em>ἀγάλμασι</em></strong></span> <span class='ocrx_word' id='word_1_37' title='bbox 575 1454 742 1542; x_wconf 80' lang='grc' dir='ltr'><strong><em>χροσεοτά-</em></strong></span> 
     </span>
     <span class='ocr_line' id='line_1_12' title="bbox 282 1554 767 1677; baseline 0.013 -62"><span class='ocrx_word' id='word_1_38' title='bbox 282 1578 348 1677; x_wconf 80' lang='grc' dir='ltr'><strong><em>ηοις</em></strong></span> <span class='ocrx_word' id='word_1_39' title='bbox 372 1557 479 1643; x_wconf 72' lang='grc' dir='ltr'><strong><em>Φοίβῳ</em></strong></span> <span class='ocrx_word' id='word_1_40' title='bbox 502 1554 607 1643; x_wconf 79' lang='grc' dir='ltr'><strong><em>λάτρις</em></strong></span> <span class='ocrx_word' id='word_1_41' title='bbox 628 1583 677 1641; x_wconf 91' lang='grc' dir='ltr'><strong><em>γεν</em></strong></span> <span class='ocrx_word' id='word_1_42' title='bbox 679 1555 767 1639; x_wconf 84' lang='grc' dir='ltr'><strong><em>δ.μιιν</em></strong></span> 
     </span>
    </p>
   </div>
   <div class='ocr_carea' id='block_1_3' title="bbox 219 1652 690 1824">
    <p class='ocr_par' dir='ltr' id='par_1_3' title="bbox 219 1652 690 1824">
     <span class='ocr_line' id='line_1_13' title="bbox 281 1652 688 1742; baseline 0.01 -24"><span class='ocrx_word' id='word_1_43' title='bbox 281 1652 323 1719; x_wconf 80' lang='grc' dir='ltr'><strong><em>ε’τι</em></strong></span> <span class='ocrx_word' id='word_1_44' title='bbox 346 1656 380 1719; x_wconf 77' lang='grc' dir='ltr'><strong><em>δὲ</em></strong></span> <span class='ocrx_word' id='word_1_45' title='bbox 401 1659 583 1733; x_wconf 73' lang='grc' dir='ltr'><strong><em>Κασταλίας</em></strong></span> <span class='ocrx_word' id='word_1_46' title='bbox 603 1657 688 1742; x_wconf 76' lang='grc' dir='ltr'><strong><em>ὕδωρ</em></strong></span> 
     </span>
     <span class='ocr_line' id='line_1_14' title="bbox 219 1738 690 1824; baseline 0.008 -21"><span class='ocrx_word' id='word_1_47' title='bbox 219 1738 257 1805; x_wconf 82' lang='lat'><strong><em>10</em></strong></span> <span class='ocrx_word' id='word_1_48' title='bbox 285 1741 412 1820; x_wconf 76' lang='grc' dir='ltr'><strong><em>ἔσιμίνει</em></strong></span> <span class='ocrx_word' id='word_1_49' title='bbox 434 1767 473 1823; x_wconf 91' lang='grc' dir='ltr'><strong><em>με</em></strong></span> <span class='ocrx_word' id='word_1_50' title='bbox 495 1740 592 1823; x_wconf 87' lang='grc' dir='ltr'><strong><em>κόμας</em></strong></span> <span class='ocrx_word' id='word_1_51' title='bbox 613 1743 690 1824; x_wconf 71' lang='grc' dir='ltr'><strong><em>ἐμάς</em></strong></span> 
     </span>
    </p>
   </div>
   <div class='ocr_carea' id='block_1_4' title="bbox 280 1843 720 2030">
    <p class='ocr_par' dir='ltr' id='par_1_4' title="bbox 280 1843 720 2030">
     <span class='ocr_line' id='line_1_15' title="bbox 280 1843 705 1927; baseline 0.002 -22"><span class='ocrx_word' id='word_1_52' title='bbox 280 1843 386 1906; x_wconf 72' lang='grc' dir='ltr'><strong><em>δεῦσαι</em></strong></span> <span class='ocrx_word' id='word_1_53' title='bbox 408 1843 576 1927; x_wconf 74' lang='grc' dir='ltr'><strong><em>παρθένιον</em></strong></span> <span class='ocrx_word' id='word_1_54' title='bbox 594 1843 705 1924; x_wconf 82' lang='grc' dir='ltr'><strong><em>χλιδὰν</em></strong></span> 
     </span>
     <span class='ocr_line' id='line_1_16' title="bbox 332 1946 720 2030; baseline 0 -23"><span class='ocrx_word' id='word_1_55' title='bbox 332 1946 505 2026; x_wconf 77' lang='grc' dir='ltr'><strong><em>Φοιβείαισι</em></strong></span> <span class='ocrx_word' id='word_1_56' title='bbox 526 1946 687 2030; x_wconf 87' lang='grc' dir='ltr'><strong><em>λατρείαις.</em></strong></span> <span class='ocrx_word' id='word_1_57' title='bbox 715 1969 720 1995; x_wconf 89' lang='lat'><strong><em>-·</em></strong></span> 
     </span>
    </p>
   </div>
   <div class='ocr_carea' id='block_1_5' title="bbox 87 2067 1197 2370">
    <p class='ocr_par' dir='ltr' id='par_1_5' title="bbox 87 2067 1197 2370">
     <span class='ocr_line' id='line_1_17' title="bbox 147 2067 1194 2167; baseline 0.006 -29"><span class='ocrx_word' id='word_1_58' title='bbox 147 2067 262 2156; x_wconf 73' lang='lat' dir='ltr'>Apparet</span> <span class='ocrx_word' id='word_1_59' title='bbox 272 2085 322 2143; x_wconf 90' lang='lat' dir='ltr'><strong><em>aut</em></strong></span> <span class='ocrx_word' id='word_1_60' title='bbox 332 2081 426 2146; x_wconf 78' lang='lat' dir='ltr'>semel</span> <span class='ocrx_word' id='word_1_61' title='bbox 447 2088 558 2145; x_wconf 86' lang='lat' dir='ltr'>tantum</span> <span class='ocrx_word' id='word_1_62' title='bbox 582 2079 656 2145; x_wconf 82' lang='lat' dir='ltr'>duas</span> <span class='ocrx_word' id='word_1_63' title='bbox 676 2081 780 2144; x_wconf 87' lang='lat' dir='ltr'>breves</span> <span class='ocrx_word' id='word_1_64' title='bbox 807 2081 857 2144; x_wconf 91' lang='lat' dir='ltr'><strong><em>uui</em></strong></span> <span class='ocrx_word' id='word_1_65' title='bbox 879 2078 989 2166; x_wconf 82' lang='lat' dir='ltr'>longae</span> <span class='ocrx_word' id='word_1_66' title='bbox 1002 2080 1194 2167; x_wconf 79' lang='lat' dir='ltr'>respondere,</span> 
     </span>
     <span class='ocr_line' id='line_1_18' title="bbox 87 2169 1196 2270; baseline 0.006 -31"><span class='ocrx_word' id='word_1_67' title='bbox 87 2228 89 2267; x_wconf 86' lang='lat'><strong>:</strong></span> <span class='ocrx_word' id='word_1_68' title='bbox 148 2169 212 2238; x_wconf 61' lang='grc' dir='ltr'><strong><em>λδ.</em></strong></span> <span class='ocrx_word' id='word_1_69' title='bbox 236 2178 285 2241; x_wconf 90' lang='lat' dir='ltr'><strong><em>ubi</em></strong></span> <span class='ocrx_word' id='word_1_70' title='bbox 315 2202 422 2245; x_wconf 85' lang='lat' dir='ltr'>nomeu</span> <span class='ocrx_word' id='word_1_71' title='bbox 451 2174 603 2270; x_wconf 85' lang='lat' dir='ltr'><strong><em>proprium¹</em></strong></span> <span class='ocrx_word' id='word_1_72' title='bbox 630 2204 682 2246; x_wconf 91' lang='lat' dir='ltr'><strong><em>suo</em></strong></span> <span class='ocrx_word' id='word_1_73' title='bbox 712 2181 778 2245; x_wconf 89' lang='lat' dir='ltr'>iure</span> <span class='ocrx_word' id='word_1_74' title='bbox 807 2182 931 2264; x_wconf 81' lang='lat' dir='ltr'>fruitur,</span> <span class='ocrx_word' id='word_1_75' title='bbox 961 2188 1011 2244; x_wconf 92' lang='lat' dir='ltr'><strong><em>aut</em></strong></span> <span class='ocrx_word' id='word_1_76' title='bbox 1033 2181 1093 2262; x_wconf 83' lang='lat' dir='ltr'><strong><em>his,</em></strong></span> <span class='ocrx_word' id='word_1_77' title='bbox 1116 2182 1143 2245; x_wconf 86' lang='lat' dir='ltr'><strong><em>si</em></strong></span> <span class='ocrx_word' id='word_1_78' title='bbox 1164 2183 1196 2246; x_wconf 90' lang='lat' dir='ltr'><strong><em>iu</em></strong></span> 
     </span>
     <span class='ocr_line' id='line_1_19' title="bbox 150 2273 1197 2370; baseline 0.012 -36"><span class='ocrx_word' id='word_1_79' title='bbox 150 2273 330 2367; x_wconf 83' lang='lat' dir='ltr'>antistrophae</span> <span class='ocrx_word' id='word_1_80' title='bbox 361 2304 389 2346; x_wconf 86' lang='lat' dir='ltr'><strong><em>v.</em></strong></span> <span class='ocrx_word' id='word_1_81' title='bbox 410 2281 451 2348; x_wconf 92' lang='grc'><strong><em>7.·</em></strong></span> <span class='ocrx_word' id='word_1_82' title='bbox 467 2283 675 2369; x_wconf 76' lang='lat' dir='ltr'>plerorumque</span> <span class='ocrx_word' id='word_1_83' title='bbox 697 2283 840 2348; x_wconf 86' lang='lat' dir='ltr'>librorum</span> <span class='ocrx_word' id='word_1_84' title='bbox 862 2282 1009 2370; x_wconf 77' lang='lat' dir='ltr'>scriptura</span> <span class='ocrx_word' id='word_1_85' title='bbox 1029 2281 1197 2365; x_wconf 78' lang='grc' dir='ltr'><strong><em>χρυσοτεύ-</em></strong></span> 
     </span>
    </p>
   </div>
   <div class='ocr_carea' id='block_1_6' title="bbox 87 2380 1196 2683">
    <p class='ocr_par' dir='ltr' id='par_1_6' title="bbox 87 2380 1196 2669">
     <span class='ocr_line' id='line_1_20' title="bbox 148 2380 1195 2470; baseline 0.014 -35"><span class='ocrx_word' id='word_1_86' title='bbox 148 2392 212 2452; x_wconf 84' lang='grc' dir='ltr'><strong><em>κτοις</em></strong></span> <span class='ocrx_word' id='word_1_87' title='bbox 231 2380 387 2470; x_wconf 84' lang='lat' dir='ltr'>recipitur3</span> <span class='ocrx_word' id='word_1_88' title='bbox 410 2405 548 2449; x_wconf 86' lang='lat' dir='ltr'>numeros</span> <span class='ocrx_word' id='word_1_89' title='bbox 571 2393 668 2449; x_wconf 88' lang='lat' dir='ltr'>autem</span> <span class='ocrx_word' id='word_1_90' title='bbox 688 2385 820 2449; x_wconf 89' lang='lat' dir='ltr'>variatos</span> <span class='ocrx_word' id='word_1_91' title='bbox 843 2407 911 2448; x_wconf 85' lang='lat' dir='ltr'>esse</span> <span class='ocrx_word' id='word_1_92' title='bbox 927 2407 952 2447; x_wconf 89' lang='lat' dir='ltr'><strong><em>v.</em></strong></span> <span class='ocrx_word' id='word_1_93' title='bbox 974 2382 1004 2447; x_wconf 77' lang='lat'><strong><em>8.</em></strong></span> <span class='ocrx_word' id='word_1_94' title='bbox 1024 2392 1053 2449; x_wconf 89' lang='lat' dir='ltr'><strong><em>et</em></strong></span> <span class='ocrx_word' id='word_1_95' title='bbox 1068 2385 1098 2448; x_wconf 87' lang='grc'><strong><em>9.</em></strong></span> <span class='ocrx_word' id='word_1_96' title='bbox 1122 2408 1195 2470; x_wconf 86' lang='lat' dir='ltr'>quos</span> 
     </span>
     <span class='ocr_line' id='line_1_21' title="bbox 147 2477 1196 2574; baseline 0.009 -32"><span class='ocrx_word' id='word_1_97' title='bbox 147 2477 236 2562; x_wconf 60' lang='lat' dir='ltr'>doen,</span> <span class='ocrx_word' id='word_1_98' title='bbox 257 2488 290 2546; x_wconf 92' lang='lat' dir='ltr'><strong><em>ut</em></strong></span> <span class='ocrx_word' id='word_1_99' title='bbox 312 2503 402 2572; x_wconf 81' lang='lat' dir='ltr'>saepe</span> <span class='ocrx_word' id='word_1_100' title='bbox 423 2485 641 2574; x_wconf 84' lang='lat' dir='ltr'>ioGlyconois,</span> <span class='ocrx_word' id='word_1_101' title='bbox 664 2507 832 2572; x_wconf 78' lang='lat' dir='ltr'>exaequare</span> <span class='ocrx_word' id='word_1_102' title='bbox 855 2508 914 2550; x_wconf 90' lang='lat' dir='ltr'><strong><em>non</em></strong></span> <span class='ocrx_word' id='word_1_103' title='bbox 937 2493 981 2550; x_wconf 88' lang='lat' dir='ltr'><strong><em>est</em></strong></span> <span class='ocrx_word' id='word_1_104' title='bbox 1003 2484 1140 2569; x_wconf 83' lang='lat' dir='ltr'>difficile,</span> <span class='ocrx_word' id='word_1_105' title='bbox 1161 2509 1196 2558; x_wconf 80' lang='lat' dir='ltr'><strong><em>au</em></strong></span> 
     </span>
     <span class='ocr_line' id='line_1_22' title="bbox 87 2579 423 2683; baseline 0.015 -39"><span class='ocrx_word' id='word_1_106' title='bbox 87 2646 89 2683; x_wconf 80' lang='lat'>÷</span> <span class='ocrx_word' id='word_1_107' title='bbox 145 2594 163 2641; x_wconf 82' lang='lat' dir='ltr'><strong>v</strong></span> <span class='ocrx_word' id='word_1_108' title='bbox 180 2579 206 2646; x_wconf 86' lang='lat'><strong><em>9.</em></strong></span> <span class='ocrx_word' id='word_1_109' title='bbox 228 2582 390 2669; x_wconf 88' lang='lat' dir='ltr'>quidem</span> <span class='ocrx_word' id='word_1_110' title='bbox 366 2607 423 2649; x_wconf 84' lang='lat' dir='ltr'>suo.</span> 
     </span>
    </p>
   </div>
   <div class='ocr_carea' id='block_1_7' title="bbox 208 2715 679 2827">
    <p class='ocr_par' dir='ltr' id='par_1_7' title="bbox 208 2715 679 2827">
     <span class='ocr_line' id='line_1_23' title="bbox 208 2715 679 2827; baseline 0.004 -46"><span class='ocrx_word' id='word_1_111' title='bbox 208 2742 252 2782; x_wconf 90' lang='grc' dir='ltr'><strong><em>ετι</em></strong></span> <span class='ocrx_word' id='word_1_112' title='bbox 273 2716 312 2797; x_wconf 80' lang='grc' dir='ltr'><strong><em>δ’.</em></strong></span> <span class='ocrx_word' id='word_1_113' title='bbox 296 2715 464 2827; x_wconf 70' lang='grc' dir='ltr'><strong><em>ὕδωρ</em></strong></span> <span class='ocrx_word' id='word_1_114' title='bbox 432 2744 466 2785; x_wconf 93' lang='grc' dir='ltr'><strong><em>το</em></strong></span> <span class='ocrx_word' id='word_1_115' title='bbox 486 2723 679 2798; x_wconf 68' lang='grc' dir='ltr'><strong><em>ι,Κασταλίας</em></strong></span> 
     </span>
    </p>
   </div>
   <div class='ocr_carea' id='block_1_8' title="bbox 127 2852 1195 3856">
    <p class='ocr_par' dir='ltr' id='par_1_8' title="bbox 127 2852 1195 3650">
     <span class='ocr_line' id='line_1_24' title="bbox 137 2852 1194 2945; baseline 0.003 -31"><span class='ocrx_word' id='word_1_116' title='bbox 137 2868 157 2915; x_wconf 83' lang='lat' dir='ltr'>u</span> <span class='ocrx_word' id='word_1_117' title='bbox 172 2852 207 2919; x_wconf 80' lang='lat'><strong><em>8.</em></strong></span> <span class='ocrx_word' id='word_1_118' title='bbox 221 2862 328 2927; x_wconf 62' lang='lat' dir='ltr'>autem</span> <span class='ocrx_word' id='word_1_119' title='bbox 349 2854 493 2921; x_wconf 81' lang='lat' dir='ltr'>librorum</span> <span class='ocrx_word' id='word_1_120' title='bbox 515 2857 688 2945; x_wconf 76' lang='lat' dir='ltr'>scripturae</span> <span class='ocrx_word' id='word_1_121' title='bbox 701 2854 831 2939; x_wconf 85' lang='grc' dir='ltr'><strong><em>γενόμαν</em></strong></span> <span class='ocrx_word' id='word_1_122' title='bbox 853 2863 883 2919; x_wconf 89' lang='lat' dir='ltr'><strong><em>et</em></strong></span> <span class='ocrx_word' id='word_1_123' title='bbox 904 2853 1194 2980; x_wconf 73' lang='grc' dir='ltr'><strong><em>ἓγενόμανίηοοείοο</em></strong></span> 
     </span>
     <span class='ocr_line' id='line_1_25' title="bbox 131 2952 1195 3033; baseline 0 -16"><span class='ocrx_word' id='word_1_124' title='bbox 131 2954 287 3023; x_wconf 83' lang='lat' dir='ltr'>redduntur</span> <span class='ocrx_word' id='word_1_125' title='bbox 308 2956 548 3023; x_wconf 82' lang='lat' dir='ltr'>adnotationibus</span> <span class='ocrx_word' id='word_1_126' title='bbox 567 2955 848 3024; x_wconf 79' lang='lat' dir='ltr'>scholiastarum.&#39;&#39;</span> <span class='ocrx_word' id='word_1_127' title='bbox 831 2982 894 3021; x_wconf 90' lang='grc' dir='ltr'><strong><em>ισσ</em></strong></span> <span class='ocrx_word' id='word_1_128' title='bbox 916 2954 982 3019; x_wconf 78' lang='grc' dir='ltr'><strong><em>ἀντὶ</em></strong></span> <span class='ocrx_word' id='word_1_129' title='bbox 1004 2960 1059 3018; x_wconf 79' lang='grc' dir='ltr'><strong><em>τοῦ</em></strong></span> <span class='ocrx_word' id='word_1_130' title='bbox 1082 2952 1195 3033; x_wconf 84' lang='grc' dir='ltr'><strong><em>ομοίως</em></strong></span> 
     </span>
     <span class='ocr_line' id='line_1_26' title="bbox 130 3054 1193 3142; baseline -0.004 -21"><span class='ocrx_word' id='word_1_131' title='bbox 130 3055 217 3131; x_wconf 45' lang='lat' dir='ltr'><strong><em>eost</em></strong></span> <span class='ocrx_word' id='word_1_132' title='bbox 197 3078 274 3132; x_wconf 82' lang='grc' dir='ltr'><strong><em>ισως</em></strong></span> <span class='ocrx_word' id='word_1_133' title='bbox 302 3054 456 3139; x_wconf 78' lang='grc' dir='ltr'><strong><em>ἀγάλμασι</em></strong></span> <span class='ocrx_word' id='word_1_134' title='bbox 482 3055 718 3141; x_wconf 78' lang='grc' dir='ltr'><strong><em>χροσίοισιν,“</em></strong></span> <span class='ocrx_word' id='word_1_135' title='bbox 695 3082 792 3140; x_wconf 85' lang='grc' dir='ltr'><strong><em>ωςντερ</em></strong></span> <span class='ocrx_word' id='word_1_136' title='bbox 820 3082 848 3121; x_wconf 93' lang='grc' dir='ltr'><strong><em>τι</em></strong></span> <span class='ocrx_word' id='word_1_137' title='bbox 882 3056 934 3120; x_wconf 85' lang='grc' dir='ltr'><strong><em>διά</em></strong></span> <span class='ocrx_word' id='word_1_138' title='bbox 960 3059 1078 3142; x_wconf 79' lang='grc' dir='ltr'><strong><em>χρυσοῦ</em></strong></span> <span class='ocrx_word' id='word_1_139' title='bbox 1108 3078 1193 3118; x_wconf 82' lang='grc' dir='ltr'><strong><em>κατε·</em></strong></span> 
     </span>
     <span class='ocr_line' id='line_1_27' title="bbox 128 3155 1193 3242; baseline 0.002 -24"><span class='ocrx_word' id='word_1_140' title='bbox 128 3159 329 3239; x_wconf 80' lang='grc' dir='ltr'><strong><em>σκενασμίνον</em></strong></span> <span class='ocrx_word' id='word_1_141' title='bbox 344 3155 503 3240; x_wconf 81' lang='grc' dir='ltr'><strong><em>ἀνάθημα,</em></strong></span> <span class='ocrx_word' id='word_1_142' title='bbox 527 3156 806 3242; x_wconf 77' lang='grc' dir='ltr'><strong><em>οδτωςέιιὲμφθην,</em></strong></span> <span class='ocrx_word' id='word_1_143' title='bbox 829 3167 873 3225; x_wconf 85' lang='lat' dir='ltr'><strong><em>et:</em></strong></span> <span class='ocrx_word' id='word_1_144' title='bbox 895 3155 1030 3238; x_wconf 79' lang='grc' dir='ltr'><strong><em>ἐτάχθην</em></strong></span> <span class='ocrx_word' id='word_1_145' title='bbox 1040 3155 1193 3239; x_wconf 80' lang='grc' dir='ltr'><strong><em>γενέσθαι,</em></strong></span> 
     </span>
     <span class='ocr_line' id='line_1_28' title="bbox 127 3252 1193 3346; baseline -0.001 -24"><span class='ocrx_word' id='word_1_146' title='bbox 127 3254 185 3338; x_wconf 76' lang='grc' dir='ltr'><strong><em>ἤτοι</em></strong></span> <span class='ocrx_word' id='word_1_147' title='bbox 203 3256 381 3343; x_wconf 78' lang='grc' dir='ltr'><strong><em>γενήσομαι,</em></strong></span> <span class='ocrx_word' id='word_1_148' title='bbox 401 3260 438 3322; x_wconf 76' lang='lat' dir='ltr'><strong><em>‘lv&#39;</em></strong></span> <span class='ocrx_word' id='word_1_149' title='bbox 457 3252 476 3346; x_wconf 77' lang='grc' dir='ltr'>ᾗ</span> <span class='ocrx_word' id='word_1_150' title='bbox 494 3257 535 3336; x_wconf 84' lang='grc' dir='ltr'><strong><em>ὡς</em></strong></span> <span class='ocrx_word' id='word_1_151' title='bbox 548 3260 584 3324; x_wconf 82' lang='grc' dir='ltr'><strong><em>τὸ</em></strong></span> <span class='ocrx_word' id='word_1_152' title='bbox 602 3258 860 3342; x_wconf 88' lang='grc' dir='ltr'><strong><em>κατενάσθην·</em></strong></span> <span class='ocrx_word' id='word_1_153' title='bbox 882 3255 1078 3343; x_wconf 76' lang='grc' dir='ltr'><strong><em>ἢλάτριςκαὶ</em></strong></span> <span class='ocrx_word' id='word_1_154' title='bbox 1097 3255 1193 3340; x_wconf 88' lang='grc' dir='ltr'><strong><em>δοάλη</em></strong></span> 
     </span>
     <span class='ocr_line' id='line_1_29' title="bbox 127 3356 1194 3449; baseline 0.002 -26"><span class='ocrx_word' id='word_1_155' title='bbox 127 3356 313 3443; x_wconf 81' lang='grc' dir='ltr'><strong><em>ὢνομάσθην</em></strong></span> <span class='ocrx_word' id='word_1_156' title='bbox 334 3365 384 3425; x_wconf 90' lang='grc' dir='ltr'><strong><em>και</em></strong></span> <span class='ocrx_word' id='word_1_157' title='bbox 407 3359 608 3443; x_wconf 74' lang='grc' dir='ltr'><strong><em>ἐτιμήθην,</em></strong></span> <span class='ocrx_word' id='word_1_158' title='bbox 588 3388 681 3445; x_wconf 90' lang='grc' dir='ltr'><strong><em>ηγοον</em></strong></span> <span class='ocrx_word' id='word_1_159' title='bbox 704 3369 787 3426; x_wconf 82' lang='grc' dir='ltr'><strong><em>πάσα</em></strong></span> <span class='ocrx_word' id='word_1_160' title='bbox 809 3387 852 3449; x_wconf 81' lang='grc' dir='ltr'><strong><em>τιρ</em></strong></span> <span class='ocrx_word' id='word_1_161' title='bbox 837 3366 930 3448; x_wconf 80' lang='grc' dir='ltr'><strong><em>θεῷ</em></strong></span> <span class='ocrx_word' id='word_1_162' title='bbox 953 3359 1094 3446; x_wconf 82' lang='grc' dir='ltr'><strong><em>ἀφιίριομ</em></strong></span> <span class='ocrx_word' id='word_1_163' title='bbox 1085 3386 1139 3436; x_wconf 90' lang='grc' dir='ltr'><strong><em>ιαι,</em></strong></span> <span class='ocrx_word' id='word_1_164' title='bbox 1162 3370 1194 3425; x_wconf 90' lang='lat' dir='ltr'><strong><em>ut</em></strong></span> 
     </span>
     <span class='ocr_line' id='line_1_30' title="bbox 127 3424 1193 3559; baseline 0 -32"><span class='ocrx_word' id='word_1_165' title='bbox 127 3461 195 3529; x_wconf 78' lang='lat' dir='ltr'>alter</span> <span class='ocrx_word' id='word_1_166' title='bbox 219 3464 285 3529; x_wconf 81' lang='grc' dir='ltr'><strong><em>Φοί</em></strong></span> <span class='ocrx_word' id='word_1_167' title='bbox 280 3469 330 3550; x_wconf 69' lang='lat' dir='ltr'><strong><em>dur</em></strong></span> <span class='ocrx_word' id='word_1_168' title='bbox 351 3461 456 3559; x_wconf 86' lang='grc' dir='ltr'><strong><em>λάτρις</em></strong></span> <span class='ocrx_word' id='word_1_169' title='bbox 489 3461 637 3545; x_wconf 69' lang='grc' dir='ltr'><strong><em>ἐστάλην,</em></strong></span> <span class='ocrx_word' id='word_1_170' title='bbox 660 3465 736 3530; x_wconf 86' lang='lat' dir='ltr'>alter</span> <span class='ocrx_word' id='word_1_171' title='bbox 759 3463 865 3552; x_wconf 76' lang='grc' dir='ltr'><strong><em>Φοίβην</em></strong></span> <span class='ocrx_word' id='word_1_172' title='bbox 887 3424 1029 3547; x_wconf 80' lang='grc' dir='ltr'><strong><em>λάτρις</em></strong></span> <span class='ocrx_word' id='word_1_173' title='bbox 1012 3489 1050 3548; x_wconf 83' lang='grc' dir='ltr'><strong><em>ην</em></strong></span> <span class='ocrx_word' id='word_1_174' title='bbox 1052 3460 1129 3544; x_wconf 73' lang='grc' dir='ltr'><strong><em>ἔθην</em></strong></span> <span class='ocrx_word' id='word_1_175' title='bbox 1150 3463 1193 3527; x_wconf 82' lang='lat' dir='ltr'><strong><em>le·</em></strong></span> 
     </span>
     <span class='ocr_line' id='line_1_31' title="bbox 127 3564 374 3650; baseline -0.008 -20"><span class='ocrx_word' id='word_1_176' title='bbox 127 3564 209 3650; x_wconf 74' lang='grc' dir='ltr'><strong><em>ςῐιτο</em></strong></span> <span class='ocrx_word' id='word_1_177' title='bbox 227 3564 374 3630; x_wconf 84' lang='lat' dir='ltr'>videatur.</span> 
     </span>
    </p>

    <p class='ocr_par' dir='ltr' id='par_1_9' title="bbox 129 3664 1190 3856">
     <span class='ocr_line' id='line_1_32' title="bbox 206 3664 1190 3753; baseline -0.008 -21"><span class='ocrx_word' id='word_1_178' title='bbox 206 3664 373 3732; x_wconf 82' lang='lat' dir='ltr'>Recentior</span> <span class='ocrx_word' id='word_1_179' title='bbox 402 3666 575 3753; x_wconf 81' lang='lat' dir='ltr'>tragoediae</span> <span class='ocrx_word' id='word_1_180' title='bbox 605 3674 686 3730; x_wconf 86' lang='lat' dir='ltr'>aetas</span> <span class='ocrx_word' id='word_1_181' title='bbox 710 3666 856 3731; x_wconf 82' lang='lat' dir='ltr'>videtur</span> <span class='ocrx_word' id='word_1_182' title='bbox 848 3689 877 3730; x_wconf 85' lang='grc' dir='ltr'><strong><em>ια</em></strong></span> <span class='ocrx_word' id='word_1_183' title='bbox 907 3665 972 3730; x_wconf 88' lang='lat' dir='ltr'>basi</span> <span class='ocrx_word' id='word_1_184' title='bbox 1000 3664 1088 3727; x_wconf 86' lang='lat' dir='ltr'>etiam</span> <span class='ocrx_word' id='word_1_185' title='bbox 1121 3682 1190 3725; x_wconf 90' lang='lat' dir='ltr'>aua·</span> 
     </span>
     <span class='ocr_line' id='line_1_33' title="bbox 129 3764 1190 3856; baseline -0.007 -25"><span class='ocrx_word' id='word_1_186' title='bbox 129 3777 255 3852; x_wconf 80' lang='lat' dir='ltr'>paestum</span> <span class='ocrx_word' id='word_1_187' title='bbox 278 3768 453 3850; x_wconf 75' lang='lat' dir='ltr'>admisisse,</span> <span class='ocrx_word' id='word_1_188' title='bbox 481 3768 508 3832; x_wconf 87' lang='lat' dir='ltr'><strong><em>si</em></strong></span> <span class='ocrx_word' id='word_1_189' title='bbox 536 3769 724 3833; x_wconf 82' lang='lat' dir='ltr'>antitheticus</span> <span class='ocrx_word' id='word_1_190' title='bbox 748 3790 851 3833; x_wconf 90' lang='lat' dir='ltr'>versus</span> <span class='ocrx_word' id='word_1_191' title='bbox 874 3767 1036 3856; x_wconf 86' lang='lat' dir='ltr'>spondeum</span> <span class='ocrx_word' id='word_1_192' title='bbox 1058 3764 1190 3842; x_wconf 86' lang='lat' dir='ltr'>haberet,</span> 
     </span>
    </p>
   </div>
   <div class='ocr_carea' id='block_1_9' title="bbox 131 3869 820 3957">
    <p class='ocr_par' dir='ltr' id='par_1_10' title="bbox 131 3869 820 3957">
     <span class='ocr_line' id='line_1_34' title="bbox 131 3869 820 3957; baseline 0.007 -26"><span class='ocrx_word' id='word_1_193' title='bbox 131 3875 156 3933; x_wconf 89' lang='lat' dir='ltr'><strong><em>ut</em></strong></span> <span class='ocrx_word' id='word_1_194' title='bbox 173 3869 206 3936; x_wconf 89' lang='lat' dir='ltr'><strong><em>iu</em></strong></span> <span class='ocrx_word' id='word_1_195' title='bbox 226 3869 388 3957; x_wconf 77' lang='lat' dir='ltr'>iphigenia</span> <span class='ocrx_word' id='word_1_196' title='bbox 409 3869 543 3935; x_wconf 87' lang='lat' dir='ltr'>Taurica</span> <span class='ocrx_word' id='word_1_197' title='bbox 565 3892 592 3936; x_wconf 86' lang='lat' dir='ltr'><strong><em>v.</em></strong></span> <span class='ocrx_word' id='word_1_198' title='bbox 613 3869 705 3937; x_wconf 75' lang='lat' dir='ltr'>noo.</span> <span class='ocrx_word' id='word_1_199' title='bbox 728 3869 820 3936; x_wconf 83' lang='lat'>1120.</span> 
     </span>
    </p>
   </div>
   <div class='ocr_carea' id='block_1_10' title="bbox 205 3984 698 4171">
    <p class='ocr_par' dir='ltr' id='par_1_11' title="bbox 205 3984 698 4171">
     <span class='ocr_line' id='line_1_35' title="bbox 205 3984 698 4073; baseline 0.002 -23"><span class='ocrx_word' id='word_1_200' title='bbox 205 3988 316 4068; x_wconf 85' lang='grc' dir='ltr'><strong><em>λίμναν</em></strong></span> <span class='ocrx_word' id='word_1_201' title='bbox 335 3986 368 4051; x_wconf 66' lang='grc' dir='ltr'><strong><em>θ’</em></strong></span> <span class='ocrx_word' id='word_1_202' title='bbox 393 3987 583 4053; x_wconf 73' lang='grc' dir='ltr'><strong><em>εἱλίσσουσαν</em></strong></span> <span class='ocrx_word' id='word_1_203' title='bbox 603 3984 698 4073; x_wconf 76' lang='grc' dir='ltr'><strong><em>ὕδωρ.</em></strong></span> 
     </span>
     <span class='ocr_line' id='line_1_36' title="bbox 206 4085 648 4171; baseline 0.002 -19"><span class='ocrx_word' id='word_1_204' title='bbox 206 4085 390 4171; x_wconf 72' lang='grc' dir='ltr'><strong><em>μεταβάλλει</em></strong></span> <span class='ocrx_word' id='word_1_205' title='bbox 411 4088 437 4153; x_wconf 77' lang='grc' dir='ltr'><strong><em>δ’</em></strong></span> <span class='ocrx_word' id='word_1_206' title='bbox 461 4089 648 4171; x_wconf 75' lang='grc' dir='ltr'><strong><em>εὐδαιμονία.</em></strong></span> 
     </span>
    </p>
   </div>
   <div class='ocr_carea' id='block_1_11' title="bbox 0 0 1332 4786">
    <p class='ocr_par' dir='ltr' id='par_1_12' title="bbox 0 0 1332 4786">
     <span class='ocr_line' id='line_1_37' title="bbox 0 0 1332 4786; baseline 0 2"><span class='ocrx_word' id='word_1_207' title='bbox 0 0 1332 4786; x_wconf 95' lang='lat' dir='ltr'><strong><em> </em></strong></span> 
     </span>
    </p>
   </div>
  </div>
 </body>
</html>
