2654 4786
126 379 189 448 lot
397 390 407 433 ’τ
510 398 578 453 mn
595 399 628 455 u.
664 398 742 454 cun.
759 399 869 453 xxxv.
898 385 901 389 ’

124 549 157 614 ht
186 550 217 615 in
245 547 319 614 ‹lnos
352 548 502 637 dactylos3
535 552 651 634 rarior,
681 573 756 638 quae
788 550 821 615 lit
852 547 990 630 Cretic03
1024 550 1196 634 rarissima,

125 673 200 738 qnae
222 651 373 716 trochaeo.
417 652 585 739 Aliquando
607 653 696 719 otiam
723 651 954 742 hypercatalecti
974 659 1055 736 suut,
1076 661 1129 719 aut
1150 651 1196 718 ui-

126 751 267 817 trochaeo
287 753 490 820 terminantur.

189 1795 288 1861 Primi
309 1796 431 1881 generis
454 1795 485 1860 hi
507 1818 610 1862 versos
633 1808 715 1863 sunt:

212 1911 268 1978 σιἰκ
289 1910 366 1990 ἔτος,
387 1905 412 1976 ὦ
432 1922 578 1997 γυναῖκες.

211 2010 423 2098 δακρυόεσσιίν
444 2013 469 2080 τ’
493 2017 637 2101 ἐφίλησεν
658 2011 781 2098 αἰχμάν.

212 2115 300 2182 δεῦτί
318 2141 382 2193 νον,
404 2112 499 2200 ἆβραλ
520 2112 664 2202 Χάριτες,
687 2115 868 2199 καλλίκομοί
886 2140 919 2181 τε
942 2118 1077 2183 Μοῖσαι.

127 2251 193 2327 Quo
215 2252 247 2317 in
269 2273 382 2340 genere
404 2251 588 2341 Hephaestio
610 2251 831 2318 Anacreontem
854 2252 979 2340 quodam
1009 2251 1042 2317 in
1064 2250 1199 2318 carmine

128 2375 246 2441 semper
265 2355 392 2441 primam
414 2355 497 2419 arsin
518 2353 645 2419 solvisse
666 2354 722 2419 ait:
768 2396 770 2401 -

211 2469 403 2567 ἀναπέεομαι
426 2468 473 2554 δὴ·
487 2472 564 2555 πρὸς
578 2469 739 2554 Ὄλυμπον
760 2466 936 2556 πτερύγεσσι
958 2464 1093 2555 κούφαις

212 2570 264 2635 διὰ
284 2571 338 2636 τὸν
359 2570 462 2658 ἔροιτ’·
485 2572 521 2637 οὗ
542 2573 601 2658 γὰρ
624 2574 691 2653 ἐμοὶ
713 2581 784 2650 παῖς
805 2572 904 2637 ἒθίλει
925 2577 1075 2657 σονηβᾶν.

127 2705 320 2772 Pontametro
339 2706 538 2774 Callimachus
551 2709 698 2796 integrum
712 2729 841 2790 carmen,
854 2707 1035 2791 Branchum,
1048 2706 1196 2773 condidit:

213 2827 355 2909 δαίμονες
376 2822 592 2908 εὐομνότατοι,
622 2826 721 2908 Φοΐβί
748 2851 780 2890 τε
807 2828 857 2889 καλ
884 2830 962 2904 Ζεῦ,
991 2823 1131 2908 διδύμων
1151 2849 1198 2906 γε·

779 2952 900 3011 ναρχαι.
1014 2986 1018 2998 ,

128 3062 345 3130 Hexametrum
374 3064 411 3128 ah
440 3084 473 3129 se
494 3064 644 3127 inventum
672 3062 817 3149 gloriatus
846 3072 893 3128 est
918 3062 1055 3127 Philicus
1084 3061 1197 3150 Corcy-

129 3186 236 3245 raeus3
257 3165 347 3249 salso,
369 3187 456 3253 quum
478 3163 619 3231 Simmiae
640 3164 698 3229 iam
722 3186 758 3230 eo
780 3187 850 3231 usus
872 3164 1018 3231 fueritin
1039 3162 1150 3231 Securi
1170 3170 1198 3228 et

130 3264 163 3330 in
185 3264 264 3332 Alis.

599 3417 633 3504 ἦ.
654 3415 727 3485 405.

215 3552 318 3617 Tertii
340 3554 462 3640 generis
484 3553 567 3636 (nam
595 3553 754 3618 secundnm
782 3553 814 3617 in
836 3552 874 3616 iis
895 3553 1084 3641 potissimum
1106 3554 1197 3620 versi·

131 3657 202 3737 hus,
229 3653 279 3741 qui
300 3656 385 3720 basin
407 3655 531 3739 habent,
561 3655 723 3740 invenitur)
751 3654 937 3743 Hephaestio
965 3654 1040 3721 haec
1062 3655 1198 3746 exempla

131 3757 234 3822 allent:

215 3888 369 3957 loconuaco
389 3892 539 3976 μείρακες.

216 3993 287 4060 οὐδὲ
308 3991 436 4057 λεόντων
456 3993 578 4068 σθένος,
600 3989 672 4056 οὐδὲ
692 3993 816 4078 τροφαί.

216 4096 253 4161 αἳ
271 4095 444 4182 Κυθερείας
466 4092 604 4165 ἕπιπνεῖε’
627 4091 717 4180 ὄργια
737 4093 930 4160 λεοκαιλίνοο.
