2654 4786
181 369 224 437 w
434 382 880 439 ·mumm

182 535 298 602 numeri
326 533 550 615 consociantur,
579 533 631 619 qui
657 538 759 620 prutes
786 554 855 598 esse
882 531 1074 598 dochmiacae
1099 531 1255 597 ridenturt

183 636 262 724 quod
282 635 388 703 eudem
409 634 497 701 ruodo
519 635 553 701 fit
576 634 608 699 iu
631 632 818 722 Glycuueis.-

651 816 687 903 §-
708 816 781 883 ruo.

268 954 350 1019 Hinc
371 953 517 1041 explicari
539 960 637 1040 potest
649 950 764 1018 Cretici
785 952 875 1034 ratio,
897 952 945 1039 qui
958 972 1048 1038 saepe
1060 936 1256 1036 coniungitur

185 1056 319 1120 versibus
347 1054 544 1134 dochmiacis,
576 1076 653 1118 uuuc
680 1062 713 1119 ut
739 1052 914 1142 praecedat,
947 1074 1023 1117 nuuc
1051 1059 1083 1118 ut
1103 1059 1253 1138 sequatur.

184 1157 288 1245 Eurip.
310 1156 403 1221 Herc.
426 1157 448 1222 f.
469 1153 543 1220 894.
564 1153 676 1221 Aesch.
698 1154 731 1220 S.
752 1154 790 1219 ad
813 1153 874 1219 Th.
896 1153 948 1219 95.
1051 1248 1054 1252 Ι

268 1270 355 1337 δοίϊον
374 1272 467 1355 μέλος
488 1273 672 1343 ἐπαυλεῖται.
765 1346 769 1351 ,
1088 1334 1091 1339 .

267 1370 381 1460 πότερα
403 1372 467 1457 τλῆτ’
490 1374 548 1457 ἐγὼ
569 1372 723 1439 ποτιπέσω
742 1371 837 1457 βρέτη
859 1366 1023 1454 δαιμόνων.
1092 1414 1095 1419 -

183 1492 224 1557 Et
245 1491 383 1558 Creticus
404 1493 521 1578 quidem
545 1514 683 1559 uumerus
706 1493 843 1579 quoniam
864 1489 1032 1555 simillimus
1054 1495 1102 1553 est
1120 1488 1174 1553 fini
1189 1510 1254 1554 ver·

183 1615 235 1658 sus
257 1593 433 1674 dochmiaci,
455 1614 509 1680 per
531 1615 564 1657 se
581 1614 646 1657 -uuu
668 1604 948 1680 repugnatuumero
961 1590 1144 1657 dochmiaco.
1166 1588 1254 1656 Vnde

183 1715 284 1781 saepe,
306 1692 355 1777 qui
377 1714 447 1756 vere
464 1692 600 1759 Creticus
622 1715 762 1759 uumerus
783 1700 839 1774 est,
860 1691 1042 1757 dochmiauis
1053 1691 1256 1771 consociatur,

182 1794 352 1883 pariterque
379 1813 474 1881 paeon
504 1793 632 1880 primus,
668 1793 717 1879 qui
750 1793 859 1858 solutio
888 1801 939 1881 est
964 1791 1088 1858 Cretici.
1142 1790 1256 1856 Aescu.

184 1892 287 1983 Suppi.
308 1888 382 1958 455.

266 2007 340 2093 μήτι
361 2014 435 2097 τλῇς
455 2009 513 2075 τὰν
535 2011 628 2075 ἱκέτιν
650 2010 766 2087 εἶςιὸιῖν

266 2109 328 2175 ἀπὸ
343 2112 476 2195 βρετέων
496 2112 551 2202 βλρι
574 2111 661 2186 (λλιος
683 2108 843 2195 ἀγομέναν.

182 2206 259 2296 Nam
281 2230 366 2319 prior
386 2251 490 2295 versus
512 2231 646 2295 trimeter
668 2228 805 2295 Creticus
827 2237 881 2295 est
932 2227 1045 2315 Aperte
1073 2248 1171 2316 paeuu
1193 2228 1256 2316 pri·

182 2352 246 2395 mus
267 2330 451 2418 praemissus
473 2337 519 2395 est
540 2330 677 2395 dochmio
701 2330 734 2394 iu
756 2329 789 2395 S.
812 2330 851 2397 ad
874 2328 935 2395 Th.
959 2329 1031 2396 161.
1051 2327 1126 2397 171.
1206 2404 1209 2411 ,

265 2455 322 2510 not
338 2445 364 2510 δ’
389 2444 432 2509 ἔτι
453 2446 539 2523 τέλος
560 2443 662 2532 ἐπάγει
683 2443 773 2529 θεός,θ
825 2492 830 2505 ..

265 2544 441 2611 ἑπτάπυλον
462 2548 531 2624 ἕδος
552 2543 707 2634 ἐπιρρύου.

182 2662 319 2731 Creticus
341 2671 449 2747 autem,
471 2666 501 2729 iu
519 2687 663 2754 paeonem
680 2671 813 2752 quartum
828 2664 952 2748 solutus,
974 2665 1004 2730 iu
1016 2663 1255 2754 Euripfflhoeu.

182 2763 253 2831 154.
276 2765 322 2831 ed.
345 2766 434 2830 Pors.
715 2830 718 2835 .

261 2880 301 2959 tc
320 2883 358 2948 ἐκ
389 2883 467 2962 ἔμαν
488 2886 576 2945 πολιν
595 2880 654 2965 ἔβα
675 2882 804 2968 πέρσων.

181 2999 263 3066 Idem
286 3001 436 3065 subiectus
457 2999 595 3066 dochmio
618 3002 649 3065 iu
671 3001 782 3068 Aesch.
807 3003 905 3068 Proui.
930 3000 1001 3068 117.

263 3118 345 3181 ἵκετο
367 3115 527 3203 τερμόνιον
548 3119 596 3182 ἐπὶ
617 3117 724 3202 ποίγον.

182 3233 320 3300 Creticus
348 3236 380 3300 iu
408 3237 534 3323 quinque
569 3238 673 3302 breves
700 3236 813 3303 solutus
844 3237 923 3303 iuter
950 3238 1064 3303 medius
1096 3238 1253 3305 dochmios

183 3342 281 3399 exstat
302 3336 332 3398 iu
356 3335 449 3424 Soph.
473 3336 548 3403 ooo.
570 3338 608 3402 R.
632 3336 704 3404 661.
727 3338 768 3420 (v.
792 3337 826 3423 ξ.
849 3338 936 3422 629.)

264 3433 339 3499 θεὸν
361 3435 480 3521 πρόμον
499 3436 619 3502 Ἅλιον·
641 3439 703 3502 ἐπεὶ
725 3436 829 3514 ἄθεος,
851 3437 973 3526 ἄφιλος,

308 3533 376 3600 ὅτι
397 3535 538 3619 πύματον
650 3566 653 3571 ·

267 3634 405 3718 ὀλοίμαν,
428 3635 577 3724 φρόνησιν
598 3642 625 3704 εἰ
644 3637 729 3705 τάνδ’
752 3639 820 3722 λ’χω.
985 3701 986 3704 ,

645 3774 684 3913 3.
705 3826 779 3893 ooo.

265 3956 365 4046 Saepe
391 3979 462 4026 uero
486 3980 545 4025 uou
565 3970 664 4048 potest
684 3962 831 4045 dubitari,
856 3961 927 4049 quio
948 3960 1086 4030 Creticus
1115 3961 1175 4027 iste
1196 3960 1251 4031 du·

183 4057 289 4123 chmiis
314 4060 432 4127 iuuctus
457 4081 518 4125 uou
546 4061 587 4127 sit
606 4085 676 4128 vere
699 4063 853 4146 Creticus,
881 4064 901 4129 i.
925 4064 1048 4133 eorde
1076 4064 1250 4131 trochaicus
1314 4074 1317 4081 '
