2654 4786
431 374 886 432 nuovanrrsuanemevs
1128 359 1191 429 165

587 527 622 614 §-
649 524 724 594 452.

190 659 411 726 Tetrametrum
433 661 625 727 acatalectum
648 668 792 728 memorat
812 663 939 729 Rufinus
961 685 990 752 p.
1012 663 1107 730 2711.

210 791 295 880 πυροὶ
316 800 417 881 σοφοῦ
437 792 523 878 μάθε
543 795 644 861 κλύων
666 793 725 862 dou
746 821 792 873 τις
813 794 851 862 ds
872 795 1061 881 καταμάθοι,

132 945 202 1032 quod
224 945 322 1012 fictum
344 970 366 1013 a·
384 950 507 1014 metrico
530 949 666 1037 quopiam
687 950 813 1016 videtur.
847 950 961 1015 Poetae
983 951 1085 1017 nescio
1108 951 1191 1017 cuius

108 1148 109 1152 ρ
130 1068 242 1113 versum
263 1049 321 1114 boc
342 1059 435 1116 metro
458 1050 547 1116 offert
567 1049 748 1116 Aristoteles
769 1050 859 1116 Rbet
881 1051 939 1117 111.
960 1050 991 1118 Θ.

207 1183 286 1264 μετὰ
307 1184 340 1249 dd
360 1190 417 1268 γᾶυ
438 1182 539 1249 ὕδατά
561 1184 585 1249 τ’
610 1184 743 1249 ὠκεανὸν
763 1181 892 1271 ἠφάνισε
913 1182 976 1262 νύξ.

629 1519 648 1522 ⁴-
665 1517 729 1523 --—.
747 1518 753 1522 .
775 1516 812 1524 -ι

503 1838 639 1913 GAP·
660 1840 813 1912 xm.

174 2014 230 2086 De
256 2011 597 2109 'parapaeouieis
632 2013 820 2110 aliisque
854 2010 1135 2106 longioribus

560 2130 756 2203 numeris.

596 2365 630 2450 §-
650 2364 723 2431 oss.

208 2518 385 2605 Longiores
406 2518 568 2604 paeonibus
589 2539 729 2583 numeros
751 2518 778 2582 si
799 2539 859 2582 non
881 2525 1046 2582 memorant
1067 2515 1193 2598 metrici,

128 2619 199 2684 nibil
221 2619 338 2702 mirum,
360 2626 392 2683 ut
409 2618 459 2705 qui
481 2639 582 2684 omnes
604 2640 743 2684 numeros
765 2619 972 2685 usitatioribus
994 2617 1055 2682 illis
1073 2617 1193 2704 generi·

127 2721 188 2802 bus,
211 2719 375 2807 dequibus
398 2720 576 2808 explicatum
599 2728 655 2802 est,
677 2719 927 2808 comprehendere
950 2720 1082 2800 soleant,
1109 2717 1193 2804 dipo-

128 2821 182 2888 diis
206 2821 314 2908 ubique
337 2821 517 2887 constitutis.
544 2820 605 2885 Sed
628 2821 684 2885 etsi
707 2838 805 2886 certae
828 2842 863 2885 ac
885 2821 1006 2885 stabiles
1028 2840 1208 2907 parapaeo-¹

127 2923 257 2988 nieorum
286 2922 468 3010 aliorumque
496 2921 664 3008 longiorum
693 2922 828 2987 ordinum
851 2921 966 2986 formae
988 2942 1046 2985 non
1069 2925 1194 3007 possunt

127 3023 166 3089 ita
185 3024 330 3113 proferri,
353 3032 384 3089 ut
406 3032 617 3110 extorqueatur
638 3024 772 3088 assensio
796 3023 1006 3103 dubitantibus,
1029 3028 1125 3086 tamen
1141 3041 1192 3083 ne·

127 3148 178 3213 quo
198 3133 279 3192 ratio
300 3126 408 3190 idonea
429 3133 564 3214 apparet,
585 3148 676 3213 quare
698 3123 866 3189 huiusmodi
888 3144 1026 3188 numeros
1046 3144 1108 3187 non
1126 3141 1192 3187 esse

127 3234 283 3316 usurpatos
310 3235 490 3308 statuamus,
518 3235 547 3292 et
574 3249 629 3316 par
656 3234 701 3291 est
730 3233 884 3314 usurpatos
908 3224 1005 3306 credi,
1035 3221 1192 3288 dummodo

126 3329 183 3417 apti
204 3337 382 3417 argumento
405 3342 516 3395 essens
562 3327 654 3394 Vtin
676 3326 890 3415 Aristophanis
912 3324 1092 3412 Tagenistis
1114 3322 1192 3412 apud

126 3427 312 3496 Athenaeum
333 3429 392 3495 ΙΙΙ.
412 3452 442 3520 p.
464 3429 515 3497 96.
538 3429 574 3496 C.
598 3429 646 3494 ubi
670 3429 727 3494 boo
749 3438 872 3494 metrum
894 3428 1059 3493 invenitur:

206 3664 276 3744 ἅλις
296 3664 400 3753 ἀφύης
420 3690 484 3748 μοι.
518 3666 734 3749 παρατέταμαι
755 3665 813 3751 γὰρ
833 3663 874 3728 τὰ
896 3664 1012 3750 λιπαροὶ
1034 3659 1169 3728 κάπτων.

131 3831 295 3925 Sequuntur
315 3837 358 3901 ibi
380 3835 503 3921 Cretici.
545 3835 634 3923 Apud
656 3823 821 3900 Pindarum
842 3835 933 3923 Pytb.
955 3835 998 3900 ll.

206 3967 426 4054 μεγαλοπόλιες
446 3961 473 4035 ὦ
493 3967 681 4054 Συράκοσαι,
702 3969 929 4052 βαθυπολέμου

208 4071 330 4154 τέμενος
345 4069 466 4158 Ἄρεος,
488 4070 620 4155 ἀνδρῶν,
