2654 4786
315 407 363 461 nu
382 407 467 462 eun.
486 408 652 462 uernum
670 409 826 463 mrxron.
844 410 894 464 ur
913 409 1025 464 cour.
1135 390 1197 462 189

599 560 632 647 s.
654 559 727 627 457.

83 762 88 771 .
213 708 336 798 Duplex
357 717 403 777 est
424 710 512 777 etiam
535 712 776 801 compositio.
814 711 868 776 Fit
890 711 969 776 enim
991 720 1042 778 aut
1062 735 1116 802 per
1137 735 1197 779 cu·

129 810 383 895 haerentiam,
406 834 490 899 quam
513 810 681 898 συνάφειαν
703 811 812 878 Graeci
834 812 945 895 dicunt,
967 836 1042 899 quae
1065 816 1095 879 in
1119 837 1196 880 com-

128 913 257 978 missura
270 912 391 978 duarum
405 916 533 1002 partium
549 914 623 979 nibil
645 915 711 979 fieri
729 915 850 1003 patitur,
872 913 948 1002 quod
970 915 1196 1002 perpetuitatem

127 1014 496 1104 orationisinterrumpat3
520 1024 570 1081 aut
590 1016 673 1080 sine
695 1015 862 1098 viuculo,
886 1017 1015 1103 quisunt
1036 1039 1197 1104 asyuar·

127 1117 214 1198 teti,
235 1117 267 1181 iu
289 1118 394 1202 quibus
416 1125 446 1181 et
465 1120 637 1206 perpetuari
659 1118 756 1183 oratio
779 1127 808 1181 et
829 1118 1003 1204 interrumpi
1025 1126 1133 1205 potest.

597 1335 632 1422 §-
653 1333 727 1401 sse.

211 1487 358 1577 Apertum
380 1493 442 1570 est,
464 1486 555 1552 multa
576 1508 678 1552 eorum
701 1494 878 1571 metrorum,
906 1486 944 1553 cle
971 1487 1075 1575 quibus
1096 1487 1128 1552 in
1149 1509 1197 1553 se·

127 1590 224 1656 cundo
245 1590 322 1656 libro
344 1589 452 1654 dictum
474 1597 530 1671 est,
553 1589 589 1653 ad
612 1589 705 1652 mixta
727 1597 756 1653 et
775 1590 938 1677 composita
954 1590 1063 1654 referri
1079 1588 1198 1654 debere.

127 1692 206 1757 Nam
227 1713 314 1778 quum
336 1690 373 1756 de
395 1690 497 1755 metris
518 1690 703 1780 simplicibus
726 1691 885 1773 diceretur,
907 1712 983 1776 quae
1005 1713 1044 1755 ex
1062 1712 1121 1756 uno
1144 1713 1198 1776 ge·

126 1814 200 1859 nere
221 1793 337 1858 numeri
360 1800 506 1873 constant,
527 1792 593 1856 lieri
616 1814 674 1856 uon
695 1799 823 1879 poterat,
844 1792 914 1878 quin
935 1791 1022 1857 simul
1038 1792 1197 1857 nonnullae

128 1894 217 1959 etiam
239 1892 357 1958 illarum
377 1894 540 1958 formarum
570 1903 888 1973 commemorarentur,
910 1894 941 1956 iu
970 1894 1076 1979 quibus
1098 1893 1198 1980 aliqua

128 1995 234 2060 mixtio
256 1993 305 2059 vel
325 1995 500 2080 compositio
521 1994 713 2058 inveniretur.
758 1993 805 2057 lta
826 1993 1018 2058 choriambici
1040 2004 1071 2058 et
1090 1994 1197 2076 lunici,

129 2097 197 2184 quia
218 2095 440 2160 commutabiles
462 2103 531 2159 sunt
553 2116 616 2158 cum
639 2095 708 2159 aliis
730 2097 871 2176 numeris,
893 2117 927 2159 re
948 2117 1020 2159 vera
1039 2094 1197 2183 polyscbe·
1285 2096 1288 2102 ’

129 2196 240 2263 natisti
261 2204 338 2262 suut.
361 2195 551 2282 Logaoelici
573 2208 669 2260 autem
690 2196 848 2260 imminuti.
870 2195 951 2260 Tum
974 2196 1086 2290 aliqpot
1107 2195 1197 2260 etiam

129 2305 318 2387 asynartetos
332 2298 508 2362 notavimus.
530 2296 674 2384 Superest
687 2305 717 2361 ut
735 2296 849 2361 dicatur
867 2296 903 2360 de
922 2296 1081 2378 concretis,
1097 2296 1133 2361 cle
1144 2318 1197 2385 po·

129 2399 360 2488 lyscbematistis
374 2400 424 2479 iis,
442 2420 515 2484 quos
536 2397 678 2463 incertum
692 2405 748 2481 est,
766 2420 804 2461 ex
822 2418 877 2483 quo
892 2419 1005 2483 genere
1018 2397 1197 2486 simplicium

130 2501 186 2565 orti
207 2501 280 2582 sint,
302 2506 330 2564 et
351 2502 388 2565 de
410 2498 598 2587 compositis,
619 2500 683 2563 sive
704 2521 758 2588 per
780 2497 1015 2582 cohaerentiam,
1044 2500 1109 2563 sive
1130 2500 1197 2564 sine

130 2601 243 2667 uinculo
256 2601 357 2683 lactis,
378 2600 428 2687 qui
448 2600 495 2665 sel
517 2621 555 2664 ex
568 2600 694 2665 clivensis
717 2601 778 2665 siut
797 2602 928 2665 numeris
951 2600 1118 2688 compositi,
1139 2600 1197 2682 sel,
1274 2628 1285 2651 ·

132 2704 154 2767 si
175 2725 215 2768 ex
236 2702 355 2784 iisdem,
377 2710 474 2767 tamen
496 2702 631 2766 ordinum
655 2701 826 2766 diversitate
848 2702 971 2784 iaciant,
993 2710 1105 2767 utnon
1126 2723 1196 2790 pos-

132 2803 187 2869 sint
207 2825 263 2893 pru
284 2803 469 2891 simplicibus
490 2825 608 2890 unoque
628 2825 750 2869 numero
772 2802 997 2868 decurrentibus
1020 2802 1132 2867 baberi.

547 3360 682 3434 OAP·
706 3363 775 3433 ss.

297 3534 362 3606 De
405 3533 670 3606 versibus
715 3532 1034 3627 Glycuneis.

553 3725 556 3731 ’
594 3750 627 3837 s.
656 3748 731 3816 uso„

210 3898 727 3993 Verbuum'pulyscbematistornm‚
757 3902 783 3966 si
806 3903 842 3966 ab
864 3900 975 3967 louicis
998 3906 1027 3964 et
1048 3899 1193 3993 choriam-

138 3996 209 4087 licis¹
231 4004 425 4089 discesseris,
455 4005 491 4069 de
519 4004 624 4091 quibus
651 4002 703 4068 lib.
724 4003 766 4069 ll.
795 4002 918 4085 dictum,
947 4024 980 4065 re
1006 4022 1078 4064 veru
1104 4008 1194 4066 unum

140 4105 239 4171 butum
268 4114 405 4196 superest
431 4127 544 4194 genus,
573 4103 769 4193 Glycunei.
818 4105 893 4169 Nam
923 4103 971 4189 qui
997 4107 1117 4189 praeter
1137 4101 1193 4168 bos
