2654 4786
311 381 361 435 on
378 380 536 437 rnuoucrs
552 379 756 436 manners
772 381 1036 438 ncnrnnucrrs.
1166 367 1209 436 53

128 532 244 598 Tertia
270 532 414 620 deniqne,
441 553 535 619 caque
565 532 695 597 omnium
724 532 979 620 frequentissima,
1006 535 1207 625 interpunctio

129 655 314 723 praegressa
339 634 370 699 in
399 635 489 700 tertia
510 633 604 709 thesi,
627 632 691 716 vel,
718 634 794 722 quod
817 657 934 718 rernm,
961 636 991 700 in
1024 638 1113 703 tertia
1134 639 1207 703 arsi·

129 734 237 824 Enrip.
260 734 337 805 Hoc,
358 734 430 801 511.
451 735 547 800 eros.
568 733 641 801 715.

215 833 402 919 σπεύδωμεν,
424 837 605 920 ἐγκονῶμεν·
626 832 703 921 ἦνοῦ
722 861 788 918 μοι,
809 837 907 920 γέρον.

213 936 284 1017 βίον
304 935 332 1001 d’
354 937 487 1002 ἐπαιτῶν
507 932 595 1022 εἷρπ’,
616 933 751 1024 ἀγύρτης
771 963 817 1014 τις
837 935 952 1025 λάτρις.

127 1037 216 1104 llaec
235 1039 316 1105 enim
337 1038 537 1128 interpunctio
558 1060 645 1126 quum
667 1060 783 1104 versun
805 1039 837 1104 in
859 1039 981 1106 ordines
1003 1039 1065 1126 ἐς.
1082 1040 1153 1108 142.
1177 1052 1207 1109 et

128 1138 203 1206 143.
233 1140 381 1206 indicatos
415 1139 555 1224 dirimat,
587 1150 693 1206 natura
723 1162 779 1204 sne
806 1139 927 1228 longius
962 1144 1073 1207 morari
1103 1165 1206 1210 vocem

126 1239 263 1330 postulet
283 1245 313 1305 in
336 1248 440 1329 quarta
462 1243 550 1309 thesi.
576 1240 656 1307 lllud-
675 1250 773 1307 antem
794 1248 875 1306 recte
897 1243 1107 1310 animadvertit
1128 1245 1205 1311 Por·

126 1364 233 1425 sonus,
257 1342 306 1407 ulti
328 1338 366 1406 ἂν
385 1343 416 1407 in
439 1342 540 1429 quinta
561 1344 624 1408 arsi
645 1350 702 1426 cst,
723 1364 904 1431 praegresso
925 1346 1033 1427 verbe,
1056 1348 1139 1412 cuins
1161 1347 1205 1413 nl·

126 1445 201 1529 tima
223 1442 353 1526 eliditur,
375 1442 451 1509 dnae
469 1464 558 1510 rocos
581 1444 668 1510 nnius
688 1445 785 1523 instar
806 1466 884 1527 csse,
906 1462 1000 1533 eoque
1021 1446 1093 1512 talia
1104 1470 1203 1515 exem-

125 1545 178 1634 pla
198 1566 259 1611 non
281 1545 400 1610 obstare
421 1544 543 1632 regulae
566 1567 649 1627 snae,
670 1554 702 1611 nt
723 1567 771 1635 ap.
793 1545 898 1634 Enrip.
920 1547 1036 1618 Phoco.
1060 1547 1151 1616 1620.

214 1644 330 1730 tyele?
350 1648 442 1711 ναίειν
463 1646 501 1729 e’
525 1644 581 1711 οὖν
601 1642 722 1728 ἐάσαιμ’
745 1644 783 1711 ἂν
802 1644 915 1730 χθόνα.

126 1747 311 1834 Quamquam
333 1747 436 1812 horum
459 1764 573 1836 qnoque
594 1747 796 1837 exemplorum
823 1749 967 1816 nonnulla
993 1751 1030 1816 alr
1051 1752 1204 1841 interpun-

125 1849 230 1914 ctione
250 1849 309 1913 ista
329 1848 510 1937 praesidium
533 1848 653 1930 halent,
673 1861 706 1915 ut
727 1850 821 1939 Soph.
843 1850 956 1917 Electr.
978 1849 1050 1919 413.

213 1947 246 2013 εἴ
259 1972 315 2030 μοι
335 1948 433 2035 λέγοις
451 1949 508 2034 τὴν
528 1947 612 2032 ὄψιν,
634 1948 745 2030 εἴποιμ’
768 1949 807 2014 ἂν
826 1949 903 2016 τότε.

126 2051 162 2116 ln
184 2048 290 2137 quinta
310 2050 372 2116 arsi
393 2050 591 2140 interpunctio
613 2052 712 2116 eet¹in
734 2052 809 2118 Ocd.
832 2052 900 2121 Col.
920 2053 994 2120 505.

212 2148 372 2217 τούκεῖθεν
390 2149 513 2232 ἄλσους,
534 2142 561 2217 ὦ
580 2150 667 2240 κόρη,
688 2152 789 2218 τοῦδ’·
811 2151 849 2239 ἢν
870 2153 907 2220 δέ
924 2178 993 2220 του.

127 2252 208 2324 Vide
228 2253 274 2319 iot
294 2252 443 2321 adnotata.
557 2296 560 2303 ·

599 2422 633 2509 a.
662 2421 732 2489 uro.

214 2556 419 2648 Anapaestum
439 2559 547 2645 tragici
568 2557 710 2635 nonnisi
731 2558 764 2623 in
785 2559 905 2625 nomino
931 2559 1054 2649 proprio
1076 2560 1134 2626 sibi
1156 2561 1202 2627 iu-

126 2658 295 2742 dnleernnt,
315 2672 440 2748 excepto
461 2659 564 2729 ultime
584 2659 672 2749 pede,
694 2660 744 2747 qui
765 2682 882 2749 sempor
903 2681 995 2749 purus
1006 2662 1120 2749 iambus
1133 2684 1201 2729 esse

127 2759 226 2828 debet.
266 2758 308 2827 Et
329 2756 421 2848 usquc
443 2760 610 2850 adOlpmp.
635 2760 810 2829 LXXXIX
832 2760 951 2849 quidem
973 2762 1004 2827 iu
1026 2763 1067 2831 iis
1088 2771 1202 2831 tautum

128 2862 300 2929 nominibus
320 2862 457 2953 propriis¹
473 2871 665 2952 anapaestum
686 2862 880 2945 admiserunt,
900 2884 977 2951 qnae
998 2862 1088 2929 aliter
1101 2865 1201 2929 versui

128 2958 219 3053 plane
246 2985 315 3030 non‘
334 2971 460 3052 possent
485 2965 597 3053 aptari,
623 2972 693 3053 post
721 2986 787 3031 cam
815 2963 1022 3052 Olympiadem
1051 2964 1140 3037 etiam
1167 2964 1198 3029 in

128 3064 209 3148 illis,
235 3065 268 3130 in
290 3065 395 3153 quibus
416 3064 478 3129 alie
498 3063 694 3131 collocatione
720 3067 879 3132 verborum
900 3063 1050 3130 declinare
1071 3086 1200 3154 anepac·

129 3174 209 3241 stum
227 3166 351 3249 licebat,
369 3172 402 3233 ut
422 3164 526 3253 Eurip.
549 3164 619 3234 Hel.
639 3165 692 3232 87.

184 3318 187 3325 ·
212 3263 382 3351 Τελαμών·
415 3267 557 3348 Σαλαμὶς
577 3267 611 3331 dl
632 3269 742 3353 πατρὶς
761 3262 781 3350 ἦ
803 3261 954 3352 &pimand
973 3288 1021 3348 με.

600 3435 635 3527 ε,
658 3434 730 3503 1⁵0·

207 3570 254 3645 .1n
273 3571 372 3660 prime
387 3569 469 3660 pede
484 3578 583 3637 teram
599 3589 800 3658 quaecumque
814 3589 875 3634 vox
889 3567 990 3633 lacere
1007 3580 1198 3657 anapaestum

129 3672 322 3762 [1011111111
341 3673 371 3741 ia
389 3681 568 3762 auopmtns
589 3673 630 3741 in-
643 3671 811 3759 antiquiorc
832 3669 1065 3756 tragoediarum
1082 3678 1199 3760 poterat

130 3795 170 3845 cx
182 3773 330 3864 plurilus.
344 3774 506 3845 ‚contulit
520 3781 677 3856 constane,
701 3792 797 3859 neque
818 3770 944 3837 debebat
965 3793 1004 3837 ex
1026 3770 1197 3837 accessione

129 3875 336 3964 adgnati-iu
357 3874 462 3949 verbis
476 3884 568 3947 uetus
586 3895 663 3945 cest·
683 3872 763 3939 Post
781 3893 847 3937 eam
862 3870 1068 3959 Olympiadem
1088 3877 1197 3948 eumn,

129 3998 216 4064 quan
236 3975 322 4061 dixi,
352 3975 442 4043 etiarn
462 3976 549 4065 plura
569 3976 660 4042 verbe
680 3980 711 4039 ct
730 3979 921 4060 augmentum
940 3971 1051 4040 frome.
1069 3991 1197 4061 ainnpue·¹

128 4085 207 4146 etum
228 4078 261 4145 in
281 4076 380 4168 prime
398 4076 477 4168 pede
488 4084 658 4166 potuerunt,
680 4082 712 4144 ut
729 4074 879 4162 inEurip.
897 4070 1092 4143 esocem.
1107 4070 1196 4137 Pers.
