2654 4786
140 378 209 432 nun.
226 378 272 431 ιιι.
308 378 385 435 cue.
406 381 463 433 ιιιι.
497 380 743 438 nnnnsrons.
759 385 874 444 marn.
891 388 930 441 ιιι
948 389 1090 447 nrvnrn.
1143 372 1206 443 275

136 529 313 596 habentibus
335 529 411 595 alias
433 541 544 621 septem
567 532 630 600 alio
647 517 761 619 metrop
775 537 829 603 sed
850 537 906 603 bas
927 560 1041 627 quoque
1062 540 1119 608 sibi
1142 564 1203 609 om·

136 653 191 698 nes
211 654 300 722 pares
321 632 496 715 subiiciens,
517 639 549 700 ut
570 634 665 702 refert
686 637 869 727 Hephaestio
890 660 920 728 p.
941 638 984 706 74
1006 640 1107 726 (lot).

601 822 635 908 s.
657 821 730 890 oro.

188 953 318 1042 Tragici
328 955 499 1043 plerumque
510 955 541 1022 in
553 956 681 1023 cboricis
695 958 875 1024 carminibus
887 959 960 1025 duas
973 969 1085 1026 tantum
1097 963 1203 1028 eodem

135 1059 228 1119 metro
250 1056 387 1144 stropbas
409 1064 537 1144 ponunt,
569 1058 679 1124 deinde
699 1058 773 1125 duas
795 1060 870 1125 alias
892 1061 951 1126 alio
975 1069 1085 1145 metro,
1107 1070 1137 1127 et
1158 1064 1203 1127 sic

134 1154 270 1243 amplius.
292 1156 442 1222 Interdum
459 1159 505 1223 bis
520 1159 644 1247 epodum
664 1183 749 1226 unam
773 1161 819 1227 vel
840 1161 871 1225 in
893 1161 962 1245 fine,
984 1162 1032 1227 vel
1053 1162 1085 1227 in
1104 1163 1202 1230 medio

134 1257 265 1320 carmine
287 1257 405 1323 addunt.
449 1258 518 1324 Hoc
540 1261 625 1326 modo
648 1262 713 1327 sine
735 1262 846 1351 epodo:
875 1258 906 1326 ά.
928 1260 959 1325 ά.
979 1260 1022 1344 β’.
1042 1259 1083 1342 β.
1104 1259 1141 1347 γ’.
1163 1262 1202 1347 γ’.

134 1351 171 1420 d'.
194 1352 233 1420 δ’.
277 1356 352 1424 Cum
375 1360 470 1448 epodo
493 1369 590 1426 autem
612 1363 672 1428 sic:
705 1359 734 1441 ά,
757 1360 788 1428 oi.
807 1360 849 1443 ff.
870 1360 912 1443 ff.
933 1362 971 1447 γ’.
994 1362 1031 1447 γ’.
1054 1360 1082 1427 δ’
1083 1409 1092 1427 .
1115 1361 1153 1428 δ’.
1176 1365 1200 1428 d.

133 1457 180 1522 rel
201 1454 231 1521 ά.
253 1454 282 1524 oi.
303 1455 346 1540 β’.
366 1456 404 1544 y'.
424 1458 460 1544 γ’.
483 1458 521 1526 δ’.
544 1459 582 1526 δ’.
631 1464 691 1529 Sed
721 1465 759 1530 de
786 1465 841 1530 bac
863 1464 943 1530 omni
964 1467 1108 1531 varietate
1132 1486 1201 1530 mox

133 1558 309 1648 explicatius
331 1561 455 1628 dicetur.

535 2216 671 2292 cnl’.
691 2218 792 2291 XX.

129 2389 186 2460 De
228 2389 591 2484 responsionibus
632 2400 861 2463 metrorum
899 2391 940 2461 in
976 2389 1198 2465 diverbiis.
1265 2453 1267 2458 .

490 2574 527 2587 ”
600 2605 728 2693 §.eso

215 2741 346 2828 Tragici
371 2741 492 2830 aequali
522 2740 649 2829 partium
683 2741 902 2828 comparatione
933 2751 964 2807 et
999 2745 1197 2833 responsione

131 2850 283 2930 tantopere
305 2841 442 2907 delectati
463 2849 549 2924 sunt,
576 2850 609 2907 ut
635 2864 698 2907 eam
721 2841 810 2907 etiam
831 2842 862 2906 in
884 2841 1037 2921 diverbiis,
1060 2845 1109 2910 ubi
1132 2846 1196 2932 qui-

129 2943 196 3008 dem
218 2964 279 3009 non
300 2943 504 3008 vehementior
532 2944 639 3030 aliquis
666 2952 761 3009 motus
789 2944 954 3008 animorum
980 2947 1086 3010 abesse
1113 2946 1196 3010 illam

130 3045 274 3112 orationis
296 3043 534 3132 aequabilitatem
554 3044 728 3133 postularet,
750 3043 945 3110 adhibendam
967 3047 1143 3133 putaverint.

598 3229 633 3315 a.
654 3229 727 3296 oar.
828 3277 841 3287 .,

214 3366 261 3431 Ac
281 3365 450 3452 plerumque
478 3365 593 3451 quidem
620 3366 663 3430 ita
683 3365 759 3429 baec
780 3364 929 3450 colloquia
949 3362 1095 3454 disposita
1116 3374 1196 3448 suot,

128 3475 160 3531 ut
185 3465 324 3551 singulae
343 3487 490 3554 pemonae
514 3465 650 3553 singulos
678 3486 780 3531 versus
810 3465 950 3530 recitent:
979 3471 1013 3529 ut
1031 3464 1063 3529 ie
1084 3464 1195 3551 rigam.

127 3589 147 3633 a
168 3589 195 3634 r.
213 3566 288 3635 276.
311 3576 341 3633 et
361 3590 380 3631 a
401 3589 427 3631 v.
449 3565 522 3633 547.
546 3566 657 3632 Pollux
676 3566 731 3636 lv.
752 3565 824 3633 113.
855 3569 1054 3647 στιχομυθεῖν
1075 3562 1109 3627 δὲ
1129 3567 1197 3630 aa·

126 3693 189 3752 yur·
201 3667 237 3732 τὸ
258 3666 328 3751 παρ’
348 3664 381 3731 ‘a'r
402 3670 542 3749 ἰαμβεῖον
562 3666 737 3750 ἀντιλέγειν,
765 3668 815 3730 καὶ
843 3665 879 3729 τὸ
900 3671 1029 3751 πρᾶγμα
1048 3687 1195 3747 carpeno·-

127 3770 213 3834 θίαν.
257 3769 298 3833 Et
318 3769 399 3851 lere,
428 3778 459 3834 nt
480 3771 509 3834 in
532 3769 580 3834 bis
601 3769 675 3856 ipsis
696 3768 786 3848 locis,
808 3767 929 3854 longior
949 3767 1048 3854 aliqua
1069 3767 1192 3832 alterius

126 3892 273 3961 personae
294 3872 391 3937 oratio
414 3871 578 3953 exordium,
600 3869 769 3958 pariterque
790 3868 878 3933 finem
896 3865 985 3948 lacit,
1007 3889 1063 3954 quo
1086 3889 1125 3931 ne
1146 3866 1192 3951 ni·

126 3973 187 4038 mia
209 3973 412 4060 aequabilitas.
425 3972 553 4037 taedium
576 3980 665 4035 creet.
688 3969 772 4034 Alibi
793 3967 929 4057 singulae
949 3990 1097 4058 personae
1118 3967 1194 4032 duos

127 4096 232 4140 versus
253 4074 397 4157 recitant,
421 4081 452 4138 ut
472 4073 503 4137 in
525 4072 649 4138 Enmen.
672 4094 690 4136 a
711 4094 739 4137 v.
759 4068 833 4137 714.
865 4077 894 4134 et
914 4069 946 4135 in
968 4068 1102 4200 Cpoepb.
1126 4090 1144 4132 a
1166 4089 1193 4138 r.

955 4172 988 4224 18
