2654 4786
127 354 189 422 116
497 371 564 425 mn.
582 373 616 429 n.
650 372 728 427 cue.
747 373 831 427 xxv.

125 522 248 608 scripsit
268 518 426 604 ἀθαμβίσι
448 528 603 609 καρτερῶς
625 519 775 587 παιδόθεν
797 521 937 608 ἴφλασεν.
979 523 1023 588 At
1041 528 1198 610 καρτερῶς

126 622 173 688 vel
204 645 266 712 per
287 632 409 688 metrum
432 623 506 689 ferri
536 645 594 722 nun
622 632 729 713 petest.
779 624 873 690 Posui
907 647 965 711 ege
993 622 1115 710 ἶίρδισι,
1136 647 1196 691 nun

126 722 203 817 qued
232 724 262 791 id
286 733 396 793 eertum
418 732 572 815 putarem,
606 726 659 791 sed
687 732 718 791 ut
744 735 837 793 metro
859 733 956 826 tamen
978 734 1009 792 et
1030 727 1196 794 sententiae

128 824 316 891 conveniens.
399 863 404 871 ι

388 1418 391 1423 “
510 1462 648 1537 eun.
668 1438 814 1541 xxv.

347 1632 417 1705 Ile
464 1628 965 1737 versu'hereuico.
1052 1712 1055 1719 ,

597 1868 632 1953 a.
653 1869 727 1936 aaa.

213 2020 443 2086 Hexameter
473 2019 673 2103 heroicus,
706 2021 783 2108 quod
815 2018 945 2086 emnium
975 2026 1137 2087 metrorum
1169 2027 1201 2086 et

127 2121 362 2210 antiquissimum
384 2129 414 2186 et
435 2120 699 2188 celebratissimum
721 2130 776 2205 est,
799 2144 835 2187 eo
858 2121 960 2187 differt
981 2123 1017 2187 ab
1033 2120 1086 2188 ulo
1105 2122 1201 2188 hexa-

128 2232 222 2291 metro
245 2220 418 2288 catalectico
439 2223 472 2287 in
494 2222 683 2310 disyllabum,
706 2223 742 2289 de
765 2244 820 2311 que
844 2224 879 2309 §
890 2223 963 2291 299.
976 2222 1095 2308 dictum,
1119 2224 1200 2313 quud

127 2322 186 2390 nun
214 2346 268 2413 per
295 2322 431 2412 dipedias
458 2322 587 2408 incedit,
614 2325 665 2391 sed
696 2333 727 2389 ut
753 2324 910 2415 plurimum
937 2324 978 2391 in'
998 2325 1056 2390 due
1084 2324 1202 2393 similia

127 2424 259 2514 quidem,
281 2424 334 2489 sed
356 2424 543 2510 inaequalia,
564 2427 684 2492 omnino
705 2432 803 2491 autem
824 2426 854 2491 in
878 2428 968 2492 varia'
983 2422 1114 2492 membra
1137 2424 1201 2493 dis·

125 2526 267 2614 pescitur.
316 2522 363 2589 Ea
384 2526 580 2591 membrarum
602 2528 732 2591 varietas
755 2524 838 2609 lacit,
860 2536 891 2591 ut
912 2528 962 2592 hie
978 2526 1200 2615 versus,'qued

125 2727 341 2795 iucunditate'
332 2750 364 2792 m
390 2728 537 2792 infinitum
566 2732 662 2818 repeti
685 2731 798 2818 pessit,
827 2729 880 2795 sed
901 2731 1026 2813 etlam,
1037 2750 1202 2796 mensurae

126 2850 239 2916 queque
268 2827 427 2894 accedente
459 2828 614 2917 multiplici
647 2830 828 2913 variatione,
866 2826 1080 2951 didensicaimis
1108 2832 1204 2898 rebus

126 2939 195 3014 apte
217 2930 420 3019 exprimendis
442 2930 567 2995 idoneus
589 2932 1000 2997 sit·

597 3148 632 3237 s.
652 3150 726 3216 307.
836 3148 839 3153 “

212 3298 364 3365 Caesarue
392 3323 411 3364 a
438 3301 570 3367 metricis
600 3310 737 3388 quattuor
762 3310 1046 3386 commemorantur,
1078 3309 1203 3388 πενθη-

126 3398 277 3484 μιμερῆς,
310 3402 390 3464 κατὰ
416 3404 519 3486 τρίτον
546 3413 706 3488 τροχαῖον,
744 3401 978 3492 ἓφθημιμερῆς,
1010 3409 1203 3492 τετραποδιά

127 3497 314 3582 βουκολική.·
