2654 4786
451 398 683 469 ιιιισιιιιιιιιΙ
702 397 865 458 sonum.

209 548 308 613 τῶνδέ
326 546 351 612 τ’
376 547 492 631 ἀμείβει
514 549 561 615 ἀεὶ
581 548 738 628 θανάτους
758 549 862 618 θανά·
951 582 983 595 ⁴·
1025 632 1029 639 ,

44 725 50 735 Ι
134 677 136 680 ·
205 675 277 729 των,
296 647 336 715 τά
357 648 383 715 τ’
405 648 552 734 ἐπώνυμα
572 654 680 718 δεῖπνα
705 653 854 741 Gruterus,

149 802 153 809 .
205 752 318 838 λέκτρα
339 777 372 817 τι
392 749 545 840 Κρήσσας
560 751 709 844 Ἀερόπας
730 755 815 838 δαλί-

206 879 244 930 ας
266 854 394 919 δολίοισι
415 851 534 939 γάμοις,
555 855 594 920 τὰ
616 852 796 923 πανύστατα
818 855 846 921 δ’
900 868 903 872 ’

205 957 247 1031 εἷς
267 953 321 1039 ἐμὲ
341 958 391 1019 και
412 955 533 1039 γενέταν
555 956 628 1039 ἐμὸν
648 955 756 1041 ἤλυθε·

323 1055 555 1124 πολυστόνοισιν
576 1055 681 1140 δόμων
700 1054 854 1143 ἀνάγκαις.

518 1243 733 1330 suro..
851 1200 856 1208 ⁷
986 1196 1037 1211 ”

138 1462 141 1467 .
205 1392 350 1487 Magnam
372 1417 444 1461 vero
466 1391 672 1462 difficultatem
687 1387 1188 1487 habent'uopopoto'ocpop'u,

120 1517 244 1583 qnorum
265 1496 340 1561 baec
361 1497 439 1562 ratio
462 1504 517 1581 est,
539 1502 571 1562 ut
592 1498 743 1586 strophae,
766 1491 931 1582 exquibus
953 1503 1106 1579 constant,
1127 1519 1189 1564 nou

119 1603 200 1662 totae
222 1597 280 1662 sibi
302 1605 485 1685 exaequatae
520 1597 600 1681 siut,
632 1597 685 1663 sed
715 1619 754 1662 ex
785 1604 870 1685 parte
900 1597 1138 1686 respondeant,
1149 1620 1188 1663 ex

118 1706 204 1786 parte
232 1721 292 1764 non
319 1698 527 1788 respondeant
576 1699 617 1763 Et
639 1720 725 1785 quum
747 1698 916 1785 ubique,u
899 1698 949 1764 ubi
976 1700 1188 1802 responsiones

119 1800 390 1883 animadvertimus,
411 1801 508 1889 primo
531 1800 689 1866 debeamus
711 1799 747 1865 de
767 1799 1014 1888 antistropbicis
1005 1788 1188 1888 inuestigan-

118 1901 165 1966 dis
188 1901 339 1988 cogitare,
366 1923 457 1989 saepe
478 1902 525 1967 vel
546 1896 718 1991 impeditior
737 1900 924 1988 stropharum
946 1900 1119 1990 dispositio,
1141 1901 1189 1967 vel

119 2002 244 2066 lacunae
277 2022 313 2066 ac
345 2002 486 2085 mendae,
516 2003 624 2089 quibus
659 2000 749 2091 plena
781 2007 849 2066 sunt
880 2004 1012 2066 veterum
1033 2010 1188 2092 poetarum

118 2103 246 2190 scripta,
267 2101 403 2167 baudem
425 2103 527 2168 facere
548 2099 688 2191 possiunt,
716 2110 749 2168 ut
774 2101 862 2167 modo
884 2103 1098 2191 antistropbica
1119 2123 1188 2168 esso

117 2211 264 2291 putemus,
286 2225 361 2290 quae
382 2203 667 2293 paromoeostropba
688 2210 774 2287 sunt,
780 2203 882 2339 modo
901 2203 1188 2317 paromoeostropba

116 2303 283 2435 videantur,
306 2326 390 2392 quae
401 2303 616 2438 antistropbiea
637 2302 802 2388 ιιιιιιιιιῆ·

588 2487 717 2574 swan
944 2532 947 2539 .

202 2640 249 2706 Ac
270 2663 330 2707 non
351 2662 455 2731 parum
478 2649 570 2729 auget
589 2641 665 2705 banc
683 2608 886 2735 difficultatem
902 2637 998 2725 illud,
1008 2637 1189 2731 qnodmnita

117 2740 251 2808 carmina
270 2744 378 2832 partim
407 2742 638 2830 antistrophica,
669 2742 777 2831 partim
792 2718 1088 2831 paromoeostropba
1107 2726 1187 2825 suut,

46 2896 55 2910 .
115 2850 149 2908 ut
175 2865 266 2933 saepe
291 2844 399 2909 incerti
425 2845 617 2926 haereamus,
647 2850 761 2926 unum,
784 2865 859 2930 quae
886 2842 1026 2908 sibinen
1047 2848 1185 2906 accurate

114 2944 312 3035 respondent,
332 2967 388 3034 pro
409 2945 719 3035 paromoeostrophis,
744 2967 783 3009 an
804 2967 858 3033 pro
881 2942 1028 3032 corruptis
1049 2941 1187 3008 habenda

115 3046 187 3113 sint.

585 3197 622 3282 s.
640 3190 722 3262 ιιι·

140 3308 153 3389 ι
199 3310 366 3415 Praeterea
386 3348 640 3437 interpellationes
662 3334 849 3435 stropbarum
870 3346 902 3410 in
923 3311 980 3410 boc
997 3365 1110 3432 genere
1123 3343 1189 3410 ira.

15 3488 20 3499 ,
115 3455 237 3537 quentes
259 3457 343 3533 suut,
370 3473 445 3537 quae
472 3472 533 3516 non
554 3456 680 3538 possunt
699 3470 760 3513 non
781 3443 1037 3537 impeditissimam
1058 3443 1186 3511 reddere

115 3551 354 3617 constitutionem
378 3551 479 3616 talium
502 3552 678 3616 carminum.
702 3556 813 3615 utnon
836 3548 877 3614 sit
896 3547 1014 3651 mirum,
1036 3546 1063 3611 si
1085 3545 1184 3611 multis

114 3651 146 3718 in
167 3648 244 3718 locis
265 3675 325 3719 non
346 3651 543 3736 inveniamus,
566 3651 642 3753 quod
664 3672 719 3747 pro
742 3657 836 3755 certo
846 3643 949 3755 baberi
946 3647 1066 3737 queat.

581 3837 616 3931 §-
643 3832 737 3903 ιιι.

162 3990 339 4076 Denique
360 3990 465 4056 aliis'
457 4014 488 4056 ιιι
511 3989 695 4055 carminibus
711 3933 780 4055 lex
790 3936 938 4072 quaedam
960 3948 990 4049 et
1010 3980 1085 4048 ordo
1107 3987 1183 4046 stro·

114 4090 239 4177 pharum
260 4092 450 4177 invenitur,
441 4115 472 4158 ιιι
494 4093 563 4160 abiis
584 4098 690 4171 autem
704 4088 824 4161 nullam
835 4088 936 4174 legen
945 4085 1114 4170 nudumque
1135 4104 1184 4148 or·
