2654 4786
474 414 522 467 ιι
540 412 658 467 ιιιιι
679 412 854 467 ιιιιιιιο.
1140 397 1199 465 117

126 562 192 628 Sed
212 560 252 627 de
273 561 325 628 bia
341 562 384 629 ita
405 565 608 648 statuendum,
630 563 840 629 usitatissimas
863 565 1049 651 maximeque
1071 585 1197 630 commo-

128 663 183 728 das
211 685 278 729 esse
305 664 416 752 primas
446 663 536 747 duas,
570 688 645 752 qnae
672 663 902 750 πινθημιμιρὴς
930 672 960 729 ιι
990 663 1069 727 κατὰ
1096 666 1198 751 τρίτοι

126 772 272 847 τροχαῖον
292 768 453 844 romaum
475 766 621 831 rariorem
643 787 711 831 esse
733 767 869 849 tertiam,
890 762 1101 850 ἑφθημιμερῆ,
1124 789 1198 854 qnae

129 867 332 931 vehementior
352 877 413 947 est3
443 867 608 932 bucolicam
631 866 757 954 densique
779 890 797 931 a
820 867 945 933 Graecis
967 867 1111 933 bucolicis
1131 869 1198 934 fere

128 989 247 1055 semper
269 977 448 1056 usurpatam,
470 968 522 1033 sed
544 969 597 1051 ita,
619 976 650 1034 ut
671 968 757 1034 simul
780 991 839 1033 nna
861 968 898 1033 de
920 970 1031 1034 duabus
1048 969 1197 1058 prioribus

128 1069 334 1150 adbiberetnr3
367 1092 457 1158 saepe
485 1081 581 1135 autem
612 1068 700 1135 etiam
727 1092 746 1134 a
773 1070 882 1135 ceteris
909 1071 1024 1159 poetis,
1053 1071 1102 1135 ubi
1129 1079 1198 1160 apta

127 1169 290 1252 videretur,
310 1169 481 1237 admissam.
520 1172 707 1259 Omninoque
729 1172 865 1237 virtutem
887 1172 1036 1260 longioris
1058 1174 1198 1238 carminis

127 1272 161 1336 iu
181 1270 326 1336 vametate
346 1293 535 1338 caesurarum
557 1280 625 1361 apte
636 1280 798 1361 temperata
812 1274 906 1356 cerui,
928 1294 1075 1361 saepeque
1095 1273 1197 1362 plnres

127 1390 188 1438 uuo
208 1372 241 1437 iu
264 1394 351 1437 versu
373 1373 448 1439 fieri.
491 1373 622 1448 Quarum
644 1394 714 1456 eae,
746 1396 821 1463 quae
842 1375 872 1438 iu
895 1375 957 1439 ursi
979 1374 1069 1463 bunt,
1099 1375 1197 1463 magis

128 1472 278 1540 masculae
305 1481 387 1539 suut:
417 1496 526 1561 easque
552 1475 584 1539 iu
612 1476 798 1557 universnm,
825 1477 885 1540 uisi
912 1476 963 1540 ubi
993 1475 1081 1540 molle
1108 1496 1198 1562 argu-

128 1583 258 1641 mentum
280 1576 429 1661 obstaret,
456 1576 487 1641 iu
514 1577 599 1665 poesi
627 1576 743 1641 Grae‘ca
770 1598 861 1662 usque
893 1577 929 1642 ad
951 1577 1091 1641 Nonnnm
1113 1598 1197 1664 prae

127 1676 205 1752 latas
228 1676 376 1741 videmus:
406 1677 534 1759 Nonno,
563 1687 592 1743 ot
618 1679 667 1764 qui
696 1678 835 1766 deinceps
862 1678 957 1744 secuti
986 1687 1054 1743 suut
1079 1686 1199 1767 poetae,

128 1777 281 1844 molliores
302 1777 390 1860 istae,
411 1800 496 1865 quae·
509 1779 540 1842 in
557 1778 698 1845 trochaeo
719 1779 802 1861 fiunt,
825 1778 925 1844 ultima
948 1779 1060 1866 dactyli
1081 1779 1198 1866 syllaba

126 1880 265 1967 sequenti
286 1880 416 1945 membro
438 1879 553 1961 relicta,
575 1879 672 1965 magis
681 1879 830 1966 placuero,
853 1882 1027 1945 coniunctae
1049 1901 1115 1945 cum
1137 1882 1197 1945 lre·

125 1980 231 2070 quenti
257 2003 314 2047 usu
335 1981 535 2068 dactylorum,
558 1980 634 2048 unde
663 2002 771 2066 magua
792 1981 924 2047 nascitur
945 1982 1061 2046 numeri
1083 1981 1196 2046 volubi-

125 2083 207 2149 litas.
255 2082 377 2147 Dictum
399 2103 436 2147 ca
457 2081 493 2147 de
522 2104 554 2146 re
577 2081 609 2145 iu'
630 2080 704 2146 diss.
726 2082 762 2146 de
783 2089 880 2147 aetate
902 2081 1016 2169 Orphei
1038 2082 1197 2167 Argonau-

102 2172 276 2279 'trcqqnm
293 2183 478 2275 Deinceps·
492 2182 546 2249 alii
572 2183 739 2253 accuratius
767 2183 972 2249 severissimas
994 2182 1097 2276 llouui
1118 2184 1196 2247 eius·

125 2308 184 2373 que
209 2291 389 2349 sectatorum
424 2283 509 2370 leges
542 2284 681 2349 metricas
711 2291 912 2377 aperuerunt·
926 2282 1174 2378 Weqqickius
1166 2306 1197 2349 ιι

124 2385 370 2469 adnotationibus
389 2385 427 2451 ad
447 2384 711 2475 Trypbiodorum‚
734 2384 769 2450 C.
790 2385 921 2450 Lebrs
913 2408 945 2449 ιι
966 2363 1197 2465 Quaestiouibns

125 2488 233 2604 equitis,
255 2486 338 2575 qui
328 2486 416 2551 etiam
438 2482 475 2550 de
490 2486 693 2575 quiauorum
716 2486 895 2550 carminibus
918 2485 1091 2575 disputavit,
1106 2485 1197 2557 Stru-

125 2589 194 2655 vius
215 2588 248 2653 iu
270 2587 481 2653 dissertatione
507 2587 545 2672 de
573 2587 654 2651 exitu
676 2609 813 2651 versuum
840 2586 870 2650 in
893 2588 996 2652 Nonui
1018 2587 1197 2651 carminibus

125 2689 210 2757 edita
236 2688 309 2776 Reg
287 2688 468 2781 virtuali-a.
497 2687 589 2753 1834.
639 2688 685 2752 Ac
707 2687 809 2751 Nonui
836 2687 952 2772 quidem
983 2687 1036 2752 illa
1058 2710 1144 2775 quum
1166 2688 1195 2751 iu

125 2792 198 2859 aliis
220 2791 310 2855 rebus
331 2772 494 2872 sdveritas,
522 2789 621 2855 tom
613 2811 643 2852 ιι
672 2809 725 2870 eo,
753 2787 829 2902 quod
857 2809 925 2852 ιιι.
945 2787 1018 2853 duos
1041 2790 1196 2853 continuos

126 2891 279 2981 spondeos
301 2890 411 2978 posuit,
433 2912 570 2955 numeros
592 2889 693 2954 effecit
713 2890 842 2953 maxima
864 2889 1047 2954 volubilitate
1069 2900 1099 2953 et
1120 2887 1196 2952 cele·

126 2992 217 3058 ritate
238 2992 381 3072 fluentes,
408 3013 444 3055 eo
466 2991 532 3081 ipso
554 3003 651 3056 autem
674 3000 732 3056 tam
756 2990 834 3054 iuter
856 3013 888 3054 se
910 2989 1041 3070 similes,
1068 2999 1100 3053 nt
1120 2989 1196 3053 reci·

126 3104 239 3160 tantem
261 3112 321 3157 nou
350 3092 514 3159 consistere
535 3094 651 3174 sinaut,
678 3093 730 3157 sed
758 3094 877 3180 rapiant
903 3112 1001 3155 secum
1032 3099 1118 3176 atque
1146 3112 1197 3154 an·

127 3196 238 3276 lerant,
259 3202 418 3281 pereatque
439 3193 492 3258 illa
513 3194 666 3282 praeclara
688 3214 876 3269 numerorum
897 3192 1036 3274 varietaS,
1058 3213 1143 3277 quam
1166 3192 1196 3255 in
1259 3256 1265 3263 ,

126 3295 303 3362 Homericis
324 3295 506 3361 carminibus
528 3295 717 3360 admiramur.
740 3327 744 3332 ·

216 3397 315 3463 Etiam
342 3394 544 3462 Alexandrini
570 3408 675 3485 poetae
708 3394 855 3481 singulari
889 3392 1013 3478 quadam
1040 3390 1198 3478 diligentia

127 3497 412 3564 numeros'beroici
439 3500 542 3562 versus
573 3497 776 3561 elaborarunt:
811 3515 934 3581 quorum
970 3493 1007 3557 de
1035 3492 1196 3581 Apollonio

125 3599 252 3665 Rbodio
274 3598 415 3665 disseruit
435 3598 476 3664 lt.
498 3596 631 3681 Merkel,
654 3598 737 3662 cuius
759 3595 929 3661 dissertatio
952 3594 1008 3659 boc
1030 3594 1096 3682 ipso
1119 3615 1196 3657 auno

126 3694 335 3788 magdeburgi
349 3694 441 3765 ¹edita
465 3699 611 3789 iuscripta
643 3708 689 3764 est
716 3721 761 3762 zu
788 3697 998 3785 Apollonius
1025 3692 1196 3760 Rhodiae.

128 3801 208 3867 Sunt
227 3812 325 3866 tamen
348 3801 379 3865 iu
402 3802 457 3865 boc
478 3822 590 3887 genere
611 3799 764 3881 nonnulla,
786 3821 859 3886 qnae
881 3821 939 3862 ιιι
961 3806 1020 3860 tam
1036 3794 1195 3859 secundum

129 3910 213 3967 certa
232 3913 409 3992 praecepta,
430 3924 515 3989 quam
537 3923 626 3966 seusu
649 3901 774 3987 quodam
796 3900 937 3964 admoniti
958 3897 1069 3960 iecisse
1090 3901 1196 3981 poetae

130 4002 294 4070 rideantur.
343 4004 444 4078 Quare
470 4002 556 4067 modo
585 4002 767 4067 admiserunt
788 3998 915 4086 aliquid,
943 3996 1029 4062 modo
1058 3993 1195 4081 repudia·

130 4115 214 4188 runt,
234 4104 333 4194 prouti
355 4111 454 4194 aptum
476 4112 527 4170 ant
555 4126 614 4169 uon
635 4110 734 4189 aptum
756 4101 914 4167 videretur.
959 4095 1042 4171 oneo
1072 4117 1125 4159 cur
1154 4094 1196 4160 ita
