2654 4786
171 395 242 450 nm.
261 397 295 487 ¹¹:
329 394 407 450 cnr.
424 397 533 452 xxxv.
567 397 615 450 nu
633 398 808 453 nunsusus
826 398 1097 454 cnonnnmcrs.
1134 379 1196 447 155

129 544 227 636 sopn
249 515 331 613 ont
346 546 414 614 cn.
434 545 530 614 cco..

213 665 284 729 ‘Inoo
304 664 344 730 vul
364 662 513 750 κράτιστα
532 672 589 752 γᾶς
610 667 739 732 ἔπαυλα.

129 798 237 889 Eurip.
261 799 335 868 lieo.
356 798 429 868 450.

214 919 296 996 θοὰς
316 918 451 997 bnatoris
471 918 516 986 ἐπ’
541 917 633 1001 οἶδμα
655 922 772 1002 λίμνας.

511 1171 806 1178 ——-——--——-—--

491 1408 627 1481 cnse.
648 1409 835 1481 xxxv.
945 1494 948 1501 ,

237 1564 304 1636 lle
346 1564 615 1638 versibus
659 1563 1088 1638 choriambicis.

598 1747 632 1834 §-
654 1745 727 1813 ron
771 1816 780 1824 ,

213 1881 352 1948 Tertium
374 1904 471 1969 genus
498 1904 684 1948 numerorum
713 1882 1198 1973 lnctylicorunuchoriambici

133 1990 205 2067 sunt,
228 1984 278 2071 qui
298 1984 471 2072 plerumque
488 1992 517 2049 et
535 1983 732 2050 solutionibus
750 1992 863 2066 carent,
884 2006 939 2049 nec
956 1984 1016 2050 nisi
1033 1986 1198 2068 rarissime,

132 2093 158 2149 et
179 2085 255 2172 apud
278 2086 361 2151 solos
383 2085 519 2151 scenicos
539 2093 663 2177 poetes2
683 2085 851 2151 Molossum
875 2106 927 2170 pro
950 2085 1121 2152 choriambo
1145 2086 1198 2151 ad-

131 2187 255 2251 mittunt.
277 2186 422 2261 Quoniam
435 2194 532 2252 nutem
543 2187 818 2252 vehementissimus
840 2187 888 2251 hic
911 2209 1049 2251 numerus
1073 2196 1129 2270 est,
1150 2187 1196 2275 ly.
1280 2201 1282 2204 ·

130 2287 183 2351 rici
205 2288 321 2353 mediae
343 2289 450 2352 aetatis
478 2295 508 2353 et
535 2288 641 2353 comici
663 2279 698 2353 ei
713 2310 803 2376 saepe
825 2288 1005 2353 substituunt
1026 2287 1134 2370 alium,
1156 2287 1197 2352 si·

130 2387 227 2453 milem
255 2390 391 2473 incessu,
417 2389 470 2454 sed
498 2389 658 2472 leniorem,
690 2411 829 2455 mensura
856 2399 953 2454 autern
980 2411 1096 2477 parem:
1125 2389 1146 2455 i.
1170 2412 1197 2455 e.

131 2487 278 2556 Creticum
301 2477 365 2555 cum
388 2491 525 2556 nnacrusi
546 2492 688 2572 iambica,
716 2491 781 2556 sive
803 2492 896 2556 mavis
919 2490 1070 2580 dipodinm
1091 2488 1197 2556 iambi-

130 2612 190 2656 cam
211 2613 330 2658 vocare.
359 2591 421 2657 Sed
443 2593 473 2657 in
497 2592 552 2656 huc
573 2593 678 2657 comici
701 2592 767 2681 plus
789 2593 848 2657 sibi
869 2593 1008 2658 licentiae
1029 2592 1196 2680 indulgent,

130 2713 186 2761 uon
198 2693 286 2759 modo
298 2692 441 2761 solvenda
461 2694 558 2783 prima
578 2694 653 2777 ursi,
674 2694 727 2760 sed
751 2695 839 2761 etium
861 2696 892 2760 in
915 2695 1053 2761 annorusi
1073 2694 1195 2781 longam

131 2793 322 2879 admittendm
344 2795 398 2879 bne
420 2796 532 2861 forma:

238 2975 427 3026 vlu-¹

130 3233 288 3323 Disyllabu
309 3222 461 3300 uncorusis
488 3235 582 3300 sicubi
611 3234 776 3317 invenitur,
807 3235 834 3299 si
862 3256 980 3298 carmen
1002 3214 1194 3329 antistrophi·

130 3355 191 3400 cnm
213 3344 269 3419 est,
292 3336 379 3402 debet
400 3336 489 3401 etium
510 3336 542 3401 in
563 3358 651 3401 versu
674 3337 723 3423 qui
743 3337 904 3424 respondet
925 3359 1002 3401 esse.
1046 3336 1146 3411 Quare
1162 3338 1194 3402 in

130 3435 281 3525 Aristoph.
303 3437 382 3525 Lys.
402 3435 475 3503 345.
498 3460 556 3503 non
579 3439 718 3504 mutanda
738 3438 881 3504 librorum
902 3439 1061 3526 scripture,

100 3600 104 3605 ·
208 3559 364 3637 πολιοῦχε,
387 3553 447 3631 σὰς
467 3552 558 3637 ὢχον
578 3556 681 3639 ἕδρας.

128 3670 248 3740 Excidit
268 3675 311 3740 ibi
334 3675 383 3761 qui
405 3675 602 3762 respondebat
622 3696 727 3740 versus
749 3676 927 3763 stropbicns.
1032 3700 1035 3705 ·

594 3859 628 3946 s.
649 3858 723 3926 uos.

209 3992 412 4060 Catalexis
434 3995 589 4085 multiplex
611 4005 665 4061 cst
689 3997 820 4062 Perruro
837 3998 903 4084 ipse
916 3995 1103 4061 choriambus
1118 3995 1192 4060 lacit

125 4095 295 4164 clausulam.
343 4095 547 4164 Vsitntissimn
572 4105 619 4163 est
639 4098 817 4185 lugaoclicn
837 4098 998 4179 catolonis,
1025 4097 1094 4162 dein
1116 4119 1191 4183 qune
