2654 4786
534 393 583 447 ou
600 393 784 449 romulu„
1159 377 1197 445 ll

126 549 186 606 tum
209 550 296 629 parte
318 563 373 608 sus
399 543 495 609 thesin
523 552 676 634 procreet:
702 566 778 631 quae
806 567 876 632 pusrs
902 546 1023 611 omniuo
1052 567 1107 634 por
1132 568 1200 611 esse

126 643 245 709 theticis
267 647 450 732 temporibus
472 646 570 730 dehet,
591 647 647 712 hoc
668 645 771 713 modo:

233 762 288 835 Lu,
320 759 404 832 έυυ,
438 764 538 813 Low

228 835 282 966 dlv
330 830 388 970 &lv
453 847 509 975 chlo

127 982 180 1047 Sic
201 986 296 1053 moles
318 992 450 1070 minore,
477 1005 561 1072 quum
584 1005 658 1072 opus
679 989 743 1065 est,
770 983 962 1050 fundamento
984 985 1126 1051 sustineri
1149 1007 1199 1050 ne·

127 1087 204 1172 quit:
228 1091 352 1173 ursione,
376 1110 461 1177 quam
483 1109 559 1176 opus
581 1095 637 1169 est,
658 1096 740 1152 recte
760 1086 932 1152 sustinetur.

515 1317 823 1328 ..-.......—-.-—-—--.

535 1508 671 1583 off.
697 1508 783 1581 IV.

415 1664 918 1739 Demensurs.

605 1846 639 1936 s.
667 1848 720 1914 so.

211 1983 388 2050 Mensurom
405 1985 529 2052 dicimus
546 1994 709 2075 temporum
720 1982 800 2049 inter
816 2004 849 2046 se
862 1982 1111 2071 comparationem
1133 1985 1199 2050 sine
1248 2015 1251 2018 ·

133 2106 263 2151 numeru.
296 2086 342 2150 Ac
358 2086 474 2151 metrici
491 2086 604 2152 duabus
620 2094 730 2152 tuntum
745 2085 891 2150 mensuris
910 2092 1039 2166 utuntur,
1058 2085 1198 2173 simplici,

133 2209 214 2274 quem
240 2185 350 2253 Graeci
368 2184 480 2273 χρόνον
502 2197 532 2253 et
552 2197 693 2270 σημεῖον,
721 2187 827 2252 Latini
850 2193 990 2274 tempus
1013 2195 1043 2250 et
1064 2208 1199 2253 morsm

132 2298 246 2371 vocent,
268 2298 299 2354 et
320 2289 439 2377 duplici.
480 2288 594 2354 Musici
614 2298 731 2355 veteres
751 2288 838 2352 etium
861 2287 1046 2376 quadruplici
1068 2296 1098 2352 et
1118 2296 1199 2354 octu-

132 2390 200 2478 plici
223 2413 364 2456 mensnre
385 2392 561 2456 uteheutur:
590 2412 617 2456 v.
640 2388 767 2457 Arietis.
795 2389 919 2463 Quintil.
947 2409 975 2477 p.
997 2388 1049 2454 36.
1090 2390 1198 2456 Plures

132 2492 216 2558 etiem
246 2514 400 2558 mensures
428 2492 573 2560 hodierna
599 2491 682 2557 novit
707 2490 830 2556 musica.
878 2491 927 2557 lte
953 2490 1065 2580 triplici
1086 2490 1116 2557 in
1139 2514 1199 2558 mc·

133 2584 183 2659 tris
205 2593 322 2662 dicetur
342 2592 403 2680 ὗς.
423 2593 494 2662 199.
517 2604 547 2658 et
566 2589 641 2660 445.

209 2879 273 2945 Pes
296 2878 416 2945 musicis
438 2887 469 2945 ct
488 2880 676 2969 rhythmicis,
696 2878 869 2970 plerumque
883 2879 977 2960 ,etiam
994 2849 1136 2961 metricis,
1156 2884 1199 2944 its

137 2977 255 3063 dicitnr,
281 2991 312 3046 nt
340 2982 428 3047 etiam
456 3003 609 3047 nnmerum
636 2991 780 3070 spectent.
835 2981 901 3047 Nus
929 2979 1033 3068 pedem
1059 2999 1198 3047 vncnnrns

138 3089 239 3146 sermm
262 3092 426 3171 temporum
448 3082 690 3171 compositionem
713 3083 778 3148 siue
799 3101 932 3147 numero.

602 3218 638 3337 ἴς.
666 3250 718 3316 31.

169 3434 172 3441 -
209 3383 405 3455 Vsitstissimi
426 3385 517 3475 pedes
533 3385 571 3453 hi
585 3397 674 3453 sunt:
697 3384 838 3474 hisyllshi
859 3391 1013 3472 quattuor:

211 3487 547 3576 uupyrrhichius,
604 3532 607 3537 -
648 3554 652 3559 .
692 3550 696 3556 .

211 3632 259 3645 --
284 3589 495 3678 spondens,
558 3630 561 3635 ·

210 3689 447 3774 o-iemhus,

212 3824 264 3854 -υ
285 3793 511 3875 trochaeus,
533 3790 678 3857 interdurn
702 3792 878 3872 chorens3

145 3886 278 3977 trisyllabi
299 3902 383 3959 octo:
414 3931 417 3949 ·

213 4025 292 4057 υυυ
312 3994 549 4081 tribrachys,
569 3995 633 4061 sius
654 3995 835 4075 choreus,
923 4064 926 4069 ,

192 4136 291 4165 ---.-.
310 4093 524 4177 Molossus,
556 4169 559 4172 ‚
