2654 4786
369 385 900 442 ouunnransrrcrsnnrnrnrs.
1105 368 1166 437 tto

97 539 300 632 paroemiaci,
320 540 379 607 etsi
399 538 532 607 nltimam
552 540 663 607 hahent
682 540 853 630 ancipitem,
873 547 972 606 tamar
993 538 1165 629 pierumque

96 651 229 728 curatur,
251 651 283 709 nt
303 665 340 709 ea
361 641 478 732 syllaba
499 642 593 729 longa
614 642 668 725 sit,
695 642 773 729 quod
800 642 831 708 id
858 642 955 731 aptius
982 641 1037 707 toti
1058 642 1164 710 horum

94 767 234 810 versuum
261 744 356 811 indoli
382 745 477 811 ιίιιιιιι
504 752 560 811 est
614 743 762 832 Exempla
792 743 896 810 horum
931 765 1069 810 versuum
1096 755 1165 812 sunt

94 846 130 911 in
157 846 303 912 Persisa
337 869 364 913 v.
397 846 470 913 925.
504 846 535 911 in
568 845 709 929 Hecuha,
744 867 866 933 quorum
900 845 1042 933 quaedam
1075 847 1166 913 adata

10 940 19 949 ”
93 946 134 1035 ὁ.
163 947 235 1015 376.
263 947 295 1012 in
322 948 513 1032 Troadibus,
540 948 571 1012 in
601 947 760 1036 Iphigenia
785 948 936 1030 Taurica,
964 949 995 1014 in
1018 947 1108 1032 lone,
1137 959 1167 1015 et

92 1049 188 1131 alihi3
208 1060 269 1115 tum
289 1048 367 1139 apud
388 1050 544 1139 Aristoph.
566 1049 596 1113 iu
618 1049 697 1115 Rau.
719 1049 792 1116 372.
813 1071 854 1116 ss.
875 1049 906 1113 in
929 1049 986 1116 Av.
1008 1048 1101 1116 1058.
1124 1072 1167 1117 ss.

92 1151 327 1217 inpacatos.
349 1172 374 1218 6.
395 1147 469 1217 464.
490 1173 531 1217 ss.
568 1150 627 1216 His
649 1149 820 1239 spondiacis
846 1150 1045 1241 paroemiacis
1067 1150 1166 1238 Syno-

92 1252 163 1319 sius
183 1251 323 1340 hymnum
343 1250 383 1321 V.
404 1252 535 1342 scripsit.

465 1463 469 1469 ’
565 1488 698 1576 pauo.

183 1656 220 1723 Si
256 1658 373 1744 qnando
406 1658 452 1723 his
485 1657 620 1724 versibus
653 1658 770 1723 iunctus
802 1659 952 1723 invenitur
983 1666 1166 1724 monometer

89 1758 371 1849 hypercatalectus,
392 1758 585 1824 verisimilius
606 1759 737 1842 videtur,
769 1781 837 1827 enm
858 1759 1061 1826 decimiacum
1083 1781 1167 1827 esse:
1247 1801 1250 1807 ·

89 1874 130 1928 nt
150 1862 183 1927 in
204 1860 319 1927 Hecuh.
342 1859 414 1927 133.
436 1858 508 1928 loo.
530 1861 576 1928 61.
598 1861 687 1926 Ροιι.

183 1994 332 2079 nepheddor,
353 1995 452 2079 γέννα.

167 2092 330 2178 prisoner,
350 2102 458 2183 μᾶτερ.

88 2250 165 2315 Nec
185 2248 281 2315 dicam
303 2249 353 2337 qui
374 2249 407 2315 in
427 2248 605 2315 Trachiniis
626 2258 695 2315 sunt
716 2270 741 2314 v.
765 2247 858 2316 1085.
879 2248 972 2316 1086.

183 2374 266 2460 ὦναξ
280 2380 379 2466 Ἅιδη,
400 2384 484 2460 δίξαι
504 2382 549 2464 μ’,

184 2475 211 2549 ὦ
230 2484 309 2581 Διὸς
329 2483 423 2563 dorric,
445 2481 557 2549 noioo‘v
577 2484 621 2567 μ’,

91 2619 306 2710 anapaesticus
328 2619 470 2687 dimetros
492 2621 765 2709 brachycatalectos
786 2620 897 2707 potins,
919 2601 1004 2708 quam
1025 2622 1168 2688 iambicos

90 2722 355 2808 ischiorrhogicos
383 2743 467 2806 esse,
494 2724 669 2812 praesertim
698 2745 786 2810 quum
813 2722 905 2789 medii
936 2723 996 2788 sint
1016 2723 1095 2788 iuter
1117 2723 1170 2789 tri·

92 2831 212 2893 metros
233 2822 386 2889 iambicos.

186 2972 327 3043 Ceterum
354 2997 427 3062 qnos
456 2974 493 3043 G.
520 2977 696 3043 Dindortius
730 2976 768 3043 ad
796 2975 1009 3064 Aristophanis
1031 2972 1113 3039 hves
1141 2996 1168 3038 v.

93 3077 174 3145 333.
195 3076 227 3141 in
250 3076 382 3141 editione
404 3078 579 3146 61611836.
601 3079 682 3144 etin
706 3078 946 3143 adnotationibus
959 3074 996 3140 ad
1013 3072 1169 3162 Euripidis

92 3178 286 3267 Iphigeniam
314 3178 347 3243 in
374 3176 505 3245 Tauris
520 3202 548 3246 v.
577 3181 648 3247 130.
678 3187 859 3245 commentus
888 3186 934 3242 cst
961 3198 1065 3241 versus
1098 3198 1169 3241 ana-

92 3279 250 3372 paesticos
276 3279 452 3369 imperfecta
473 3304 627 3365 mensura,
649 3302 704 3346 nec
728 3282 850 3346 suerunt
875 3300 1011 3367 umquam
1038 3278 1170 3344 attineo

91 3387 259 3474 potueruut
280 3401 358 3447 esse.
384 3382 435 3447 De
456 3383 503 3449 his
524 3383 589 3450 dixi
611 3383 649 3450 ad
672 3382 849 3473 Iphigeniae
870 3380 1026 3446 Tauricae
1047 3403 1074 3446 v.
1097 3380 1168 3446 192.

571 3621 605 3707 p.
627 3618 699 3687 aar.

183 3792 536 3859 Ronauomm.veteres
563 3788 695 3876 tragicos
724 3788 860 3876 legitima
882 3792 1044 3874 systemata
1065 3781 1168 3845 eadem

92 3893 219 3961 numeri
239 3893 447 3985 perpetuitate,
468 3898 501 3957 nt
514 3890 660 3973 Graecos,
682 3890 853 3958 condidisse
874 3887 1003 3954 ostendit
1013 3882 1168 3948 Bentleius

93 3999 127 4063 in
165 3995 295 4085 epistola
320 3994 360 4061 ad
387 3993 516 4061 Mittam
544 4016 573 4083 p.
595 3990 667 4059 474.
696 3994 742 4060 61.
770 3992 859 4079 Lips.
888 3988 988 4054 Attius
1009 3986 1041 4050 iu
1064 3982 1168 4048 Phiio-

94 4105 195 4165 cteta:

950 4192 983 4244 10
