2654 4786
174 398 244 452 nin.
262 400 296 488 ¹¹:
330 398 408 454 cnr.
426 400 533 456 xxxv.
567 400 616 454 nn
634 402 809 459 vnnsrnvs
827 402 1098 459 cuonrammcrs.
1135 384 1197 452 155

133 547 228 639 Sept.
250 549 325 616 ded.
347 549 415 619 Col.
435 549 531 618 669..

214 668 285 732 lucu
305 668 345 734 τὰ
365 666 513 754 κράτιστα
533 676 590 756 γᾶς
611 670 740 736 ἔπαυλα.

129 801 238 891 Eurip.
263 803 335 871 Hoc.
356 802 429 872 450.

215 922 297 1000 θοὰς
317 922 452 1001 ἀκατοὺς
472 922 517 989 ἐπ’
542 921 634 1005 οἶδμα
656 926 773 1006 λίμνας.

511 1174 807 1182 m

492 1411 628 1485 cnm.
649 1413 836 1484 xxxv.
946 1499 949 1506 ,

239 1567 305 1639 Dc
347 1568 615 1641 versibus
659 1567 1088 1642 choriambicis,

598 1751 633 1838 §-
654 1748 728 1817 ron
772 1820 781 1828 ,

214 1885 352 1950 Tertium
375 1908 471 1974 genus
499 1908 684 1952 numerorum
713 1887 925 1975 dactylicarum
949 1887 1198 1955 choriambici

127 1993 206 2069 suut,
229 1988 278 2073 qui
299 1987 471 2076 plerumque
488 1996 517 2052 et
535 1987 733 2054 solutionibus
751 1996 863 2070 carent,
884 2010 939 2052 nec
955 1988 1016 2054 uIsi
1032 1991 1198 2072 rarissimo,

127 2097 158 2152 et
180 2089 255 2176 apud
278 2089 361 2154 solos
383 2088 519 2154 scenicos
540 2096 663 2180 poetas,¹
683 2089 851 2155 Molossum
875 2111 928 2173 pro
951 2089 1122 2155 choriambo
1146 2091 1198 2156 ad·

127 2189 255 2254 mittunt.
278 2189 423 2264 Quoniam
436 2199 532 2255 autem
543 2191 818 2256 vehementissimus
841 2190 888 2254 bic
911 2213 1049 2255 uumerus
1073 2200 1129 2274 est,
1151 2191 1196 2279 ly.

126 2290 184 2355 rici
206 2291 321 2356 mediae
343 2292 450 2355 aetatis
478 2299 508 2356 ct
535 2292 641 2357 comici
663 2284 698 2356 ci
713 2314 803 2380 saepe
825 2292 1005 2357 substituunt
1026 2291 1134 2374 alium,
1156 2291 1197 2356 si·

128 2391 228 2456 milam
256 2392 391 2475 incessu,
417 2393 470 2457 sed
499 2393 658 2475 leuiorem,
690 2416 829 2458 mensura
856 2404 952 2458 autem
980 2415 1096 2482 parem:
1125 2393 1146 2459 i.
1170 2415 1197 2460 c.

128 2491 279 2559 Creticum
301 2516 365 2558 cum
388 2495 525 2558 anacrusi
547 2496 688 2575 iambica,
716 2495 781 2559 sive
803 2496 896 2559 mavis
919 2495 1069 2584 dipodiam
1091 2493 1197 2560 iambi·

129 2616 191 2659 cam
212 2617 330 2661 vocato.
359 2595 421 2661 Sed
443 2596 474 2659 in
497 2596 552 2659 bac
574 2597 679 2660 comici
701 2596 767 2685 plus
789 2597 848 2662 sibi
870 2597 1008 2662 licentiae
1029 2597 1195 2684 indulgent,

128 2717 186 2763 uou
199 2696 441 2764 modosolvcuda
462 2698 558 2786 prima
579 2698 653 2780 arsi,
674 2698 727 2764 sed
750 2698 839 2765 etiam
861 2700 892 2765 iu
915 2699 1053 2766 anacrusi
1073 2699 1195 2785 longam

129 2796 321 2882 admittendo,
343 2800 398 2882 hac
420 2800 532 2864 torma:

239 2996 261 3028 ῦ
294 2983 380 3030 Lu..

129 3236 288 3326 Disyllaba
309 3239 461 3303 anacrusis
489 3238 583 3303 sicubi
611 3238 776 3321 iuvenitur,
807 3238 833 3302 si
862 3260 979 3302 carmen
1001 3218 1194 3331 antistrophi·

129 3359 191 3403 cum
213 3347 270 3422 cst,
291 3339 379 3404 debet
400 3340 489 3404 ctiam
510 3340 542 3404 iu
563 3362 650 3404 versu
673 3341 722 3426 qui
743 3341 904 3427 respondet
925 3362 1001 3405 esse.
1046 3340 1145 3415 Quare
1162 3341 1193 3406 iu

130 3439 280 3528 Aristoph.
303 3441 381 3528 Lys.
402 3439 474 3506 345.
498 3463 556 3506 uun
579 3442 718 3506 mutanda
738 3441 881 3507 librorum
902 3442 1060 3529 scriptura,

208 3562 363 3641 πολιοῦχε,
388 3557 447 3634 σὰς
467 3555 557 3640 ἴσχον
578 3559 680 3642 ἕδρας.

129 3672 248 3742 Excidit
268 3678 311 3743 ibi
333 3678 383 3764 qui
405 3678 602 3767 respondebat
622 3699 727 3743 versus
749 3680 926 3767 strophicns.
1031 3704 1035 3709 ’

594 3864 628 3950 ς.
649 3860 723 3928 roa.

209 3995 412 4063 Catalcxis
434 3999 588 4087 multiplex
611 4008 665 4064 cst
688 4000 820 4065 Pcrraro
836 4000 901 4087 ipsc
915 3998 1103 4063 choriambus
1117 3998 1191 4063 lacit

130 4097 295 4166 clausulam.
342 4098 546 4168 Vsitatissima
572 4108 619 4166 est
638 4101 816 4188 logaoadica
836 4101 997 4181 catulum,
1025 4099 1094 4165 dein
1116 4122 1191 4186 quac
