2654 4786
472 440 478 449 .
504 391 662 449 15111111.ι
679 390 756 449 CAR.
773 391 821 447 xl.
863 430 879 447 -.

595 540 630 626 5.
659 539 731 606 555.

218 694 332 760 Eadem
352 693 499 763 ratione
491 715 522 757 rn
544 692 743 778 anapaesticis
762 691 897 795 numeris
919 654 1048 783 utuntur.
1093 668 1203 779 115515.

135 792 510 872 151555111811197.
622 805 624 809 ’
749 802 761 875 J

217 929 400 1011 Σιμοεντίδα
422 927 493 1011 παρ’
517 924 620 991 decdo.
703 984 706 989 .

219 1031 332 1116 βροτὸς
354 1032 395 1104 εἷς
416 1023 643 1109 1515151555.

603 1263 638 1350 5.
661 1261 732 1329 555.

216 1434 350 1500 Alterum
373 1455 468 1521 genus
484 1455 672 1498 numerorum
690 1438 905 1520 concretorum,
928 1431 1004 1519 quod
1022 1453 1199 1499 commemo·

131 1536 248 1603 ratione
275 1535 396 1623 dignum
425 1543 486 1616 est,
516 1535 548 1600 in
578 1535 750 1623 epitritis
773 1532 950 1598 secundis
973 1536 1122 1617 cernitur,
1150 1536 1200 1622 qni

131 1639 222 1724 vulgo
244 1638 275 1701 in
297 1636 455 1701 trochaicis
484 1637 585 1700 metris
613 1635 762 1700 numerari
783 1634 889 1700 551551.
939 1635 1060 1700 Dictum
1089 1635 1126 1703 de
1154 1636 1200 1701 his

123 1738 161 1803 in
184 1737 316 1804 1155515
338 1743 496 1824 metrorum
525 1737 715 1822 quorumdam
746 1754 886 1801 mensura
912 1734 1097 1824 rhythmica,
1125 1758 1200 1824 qnae

131 1836 342 1904 511555111515
366 1837 402 1902 15
424 1837 525 1902 5551515
538 1836 662 1901 Pindari
682 1839 713 1901 in
735 1837 863 1926 repetita
885 1837 1016 1902 51111555
1038 1838 1214 1924 Heyniana·

126 1940 244 2023 inserta
265 1945 319 2003 551
362 1936 428 2004 Hos
442 1938 587 2026 ¹epitritos
608 1960 668 2004 non
690 1960 757 2003 esse
779 1934 1117 2026 1155115515551551551,
1137 1960 1199 2004 555

128 2041 226 2127 'solum
248 2060 288 2104 ex
308 2061 344 2105 eo
366 2045 499 2130 apertum
521 2047 576 2124 est,
598 2040 674 2126 quod
693 2040 855 2128 spondeos,
877 2060 933 2125 qno
946 2040 1107 2127 15155155,
1122 2039 1201 2125 legis

130 2140 298 2230 timuspes
326 2148 388 2225 est,
415 2139 468 2205 551
490 2141 619 2228 55515151
639 2140 671 2206 11
697 2142 794 2206 omnis
823 2141 1002 2258 carmipnm,
1031 2142 1063 2206 in
1092 2141 1200 2228 quihus

131 2251 319 2332 usurpantur,
341 2242 548 2331 conformatio,
570 2250 657 2328 quaet
666 2242 800 2308 rocharor
817 2264 932 2307 numeru
923 2241 1100 2307 'levitatem
1111 2241 1201 2329 51555

130 2344 336 2433 adspernator,
358 2342 568 2428 confirmatque
582 2350 645 2409 rem
663 2343 973 2460 harmoniaDorica,
975 2365 1062 2430 qnam
1068 2342 1124 2463 115
1149 2342 1202 2409 51-

129 2443 253 2510 hihitam
275 2465 342 2508 5555
364 2466 403 2510 ex
424 2443 558 2511 Pindaro
581 2451 704 2510 constat

432 2632 437 2639 ’
471 2648 475 2658 '
598 2654 633 2766 ’5.
662 2681 735 2767 555.

130 2842 154 2863 ”
213 2846 257 2935 Et
281 2845 419 2935 quoniam
446 2848 493 2911 hic
524 2868 663 2913 numerus
698 2869 737 2914 ex
767 2848 906 2915 trochaeo
935 2854 965 2912 51
997 2845 1133 2936 spondeo
1168 2849 1201 2915 in

130 2958 220 3015 uuum
248 2946 382 3018 ordinem
410 2948 574 3013 coniunctis
601 2948 697 3013 faetus
727 2956 790 3032 551,
819 2962 941 3036 quorum
969 2949 1139 3039 spondens,
1169 2958 1202 3016 ut

131 3050 226 3117 maior
246 3062 310 3138 555,
331 3071 409 3115 5555
429 3049 458 3114 51
481 3071 583 3116 arseos
605 3048 786 3115 adiuvandus
809 3060 864 3133 est,
886 3073 904 3115 5
905 3059 1018 3138 555551,
1039 3051 1200 3120 fortiorem

131 3172 199 3216 esse
219 3150 379 3216 secundam
405 3151 488 3217 arsin
492 3150 639 3242 55115111,
665 3174 740 3238 quae
765 3162 923 3240 propterea
952 3152 1040 3218 etiam
1071 3152 1199 3241 proprio

129 3236 190 3317 1515
212 3259 344 3318 notatur:

130 3503 208 3591 qood
228 3511 331 3569 contra
351 3506 382 3570 in
405 3504 526 3593 1155115
546 3505 698 3571 1555155155
720 3506 829 3573 fortior
845 3514 890 3572 est
906 3506 1101 3596 5515555515,
1122 3508 1197 3595 quia

130 3606 206 3672 alter
228 3627 341 3692 qnoque
363 3627 416 3694 555
437 3627 492 3693 555
513 3607 653 3673 trochaeo
675 3615 859 3676 numeratur:

230 3740 335 3787 Lv-0

131 3875 334 3962 Omninoque,
361 3896 446 3960 quum
469 3871 574 3938 musici
594 3883 709 3941 veteres
731 3897 882 3943 nnmerum
910 3879 1058 3967 epitritum
1081 3878 1199 3969 impro-

130 3977 281 4061 15555151,
311 3997 371 4041 555
392 3974 567 4040 incredibile
587 3984 648 4059 551,
675 4000 839 4055 mensuram
872 3979 997 4067 spondei
1018 3981 1122 4067 quiin
1143 3982 1197 4049 his

129 4078 256 4166 epitritis
277 4086 334 4162 551,
354 4076 440 4165 51555
460 4099 545 4165 qnam
567 4086 858 4170 quattuortempora
878 4080 1027 4149 hahuisse.
1058 4116 1071 4123 ·*
