2654 4786
416 434 465 486 un
483 432 703 486 crauuurnvs
721 431 904 486 cuonrcrs.
1124 408 1189 476 tea

590 583 627 670 ς.
647 583 719 649 673.

208 719 307 810 Saepe
329 731 424 786 autem
447 721 554 785 chorus
584 721 672 784 etiam
695 719 725 781 in
746 702 846 808 piures
869 725 968 806 partes
990 714 1190 795 diuidebatur3

125 824 193 910 quin
216 821 363 888 interdum
391 820 503 910 singuli
530 843 569 885 ex
595 819 653 888 XV
680 819 849 884 cantoribus
877 812 1014 883 seorsim'
1036 820 1191 898 canebant,

125 926 157 989 ut
178 924 208 989 in
231 923 356 1012 parodo,
378 945 452 1009 quae
474 923 572 988 estin
594 921 716 1010 Septem
738 918 776 985 ad
798 918 933 987 Thebae.

595 1106 630 1193 ς.
652 1103 726 1173 674.

211 1261 315 1336 Qualis
336 1261 428 1327 fuerit
449 1282 564 1347 quoque
585 1261 615 1323 in
637 1258 704 1324 luco
725 1257 833 1329 divisio
857 1265 886 1321 et
907 1256 1076 1342 distributio
1098 1258 1192 1341 chori,

126 1385 205 1430 nunc
224 1384 264 1427 ex
285 1371 476 1448 argumento,
498 1383 576 1427 nunc
597 1382 637 1425 ex
658 1358 855 1448 dispositione
883 1359 1089 1447 stropharum,
1115 1380 1194 1425 nunc

97 1469 111 1484 ‘
126 1485 166 1531 ex
186 1464 317 1530 numeris
338 1463 454 1529 videtur
474 1463 577 1548 colligi
598 1483 696 1550 posue.

595 1646 629 1732 §-
650 1645 723 1714 676.

211 1798 257 1864 ita
283 1799 359 1887 quod
389 1801 419 1863 in
449 1801 671 1886 Agamemnone
700 1799 845 1863 canticum
876 1806 923 1862 est
945 1819 968 1885 a
995 1820 1022 1863 v.
1048 1796 1121 1864 375.
1143 1797 1218 1884 qui,
1256 1802 1261 1809 '

126 1910 264 1965 accurate
284 1900 529 1982 consideraverit,
550 1901 641 1966 facile
661 1900 833 1981 adducetur,
855 1899 942 1987 epodi
964 1899 1002 1964 de
1014 1920 1070 1985 qua
1086 1899 1194 1964 dictum

127 2010 174 2066 est
200 2002 234 2085 ᾧ.
256 2001 328 2066 669.
357 2011 561 2089 argumentum
590 2024 648 2066 non
672 2003 724 2066 toti
748 2003 856 2082 chero,
885 2001 937 2065 sed
970 2002 1101 2088 exiguae
1129 2000 1194 2064 eius

126 2104 206 2190 parti
227 2103 396 2167 convenire.
441 2104 519 2169 Vide
540 2103 636 2168 Elem.
660 2103 687 2168 d.
711 2124 749 2168 ru.
770 2124 799 2190 p.
820 2101 895 2168 728.

595 2288 629 2374 a.
652 2289 725 2355 676.

215 2440 255 2505 Et
276 2441 352 2528 quod
376 2440 410 2526 ᾖ.
431 2439 504 2506 669.
537 2441 573 2506 de
602 2440 715 2530 parodo
744 2438 874 2505 diximus
902 2428 1040 2525 epodum'
1058 2437 1195 2520 habente,

129 2563 216 2630 quam
244 2542 395 2606 stasimum
427 2542 573 2631 excipiat,
607 2564 735 2629 arguere
771 2541 909 2622 videtur,
949 2539 1071 2603 chorum
1105 2537 1194 2604 initio

128 2645 162 2708 iri
182 2658 282 2732 partes
311 2643 424 2729 aliquas
451 2643 593 2725 divisum,
621 2643 776 2731 strophas,
809 2641 1027 2729 antistrophas,
1059 2638 1196 2729 epodnm,

129 2744 237 2810 deinde
254 2754 361 2809 ‘autern
384 2745 431 2809 vel
452 2745 483 2808 in
506 2767 593 2809 unum
616 2756 832 2831 congregatum
855 2741 901 2807 vel
929 2741 989 2806 adio
1019 2741 1105 2806 modo
1135 2741 1196 2806 dis·

129 2846 257 2934 positum
279 2844 346 2911 idas
369 2845 518 2934 strophae,
541 2867 615 2932 quae
637 2846 753 2911 stasimi
774 2853 854 2926 sunt,
876 2863 993 2908 canere.

600 3032 634 3118 §-
653 3030 727 3096 677.
781 3108 784 3116 f

215 3182 464 3257 Quemadmodum
485 3185 648 3266 stasimum,
670 3183 746 3269 quod
771 3194 838 3269 prout
858 3181 1001 3270 parodum
1024 3192 1094 3265 est,
1120 3181 1196 3248 alios

131 3305 217 3372 quam
239 3283 380 3371 paredum
403 3283 507 3350 modos
529 3285 646 3370 aliaque
668 3295 762 3348 metra
784 3283 894 3347 habere
915 3305 971 3371 par
992 3291 1048 3365 est,
1070 3283 1113 3347 sic
1135 3283 1196 3348 sin·

130 3385 204 3472 guia
229 3386 416 3473 stropharum
443 3385 528 3473 paria
555 3407 614 3448 non
636 3384 730 3450 solum
754 3384 873 3466 metris,
903 3383 955 3449 sed
985 3383 1073 3448 etiarn
1101 3378 1196 3449 modis

130 3487 253 3552 musicis
266 3485 400 3568 differre,
422 3509 460 3550 ex
483 3486 549 3573 ipsa
560 3497 719 3550 metrorum
743 3485 982 3550 conformatione
1004 3492 1138 3574 apparet,
1165 3496 1197 3549 ut

131 3588 163 3655 in
185 3586 301 3675 Oedipo
322 3587 412 3674 Rege
434 3587 465 3652 in
487 3608 522 3652 eo
545 3588 686 3669 carmine,
706 3586 784 3675 quod
806 3597 850 3651 est
872 3609 890 3649 a
912 3608 938 3650 v.
963 3585 1055 3652 1186.

599 3771 634 3859 c.
656 3771 728 3839 676.

216 3923 251 3987 16
279 3924 460 4008 tragicorum
494 3925 614 4013 paradis
649 3935 679 3989 et
710 3923 842 3989 stasimis
873 3945 964 4013 saepe
994 3923 1197 3990 difficultatem

133 4026 244 4090 habent
263 4025 393 4112 epodi,
416 4048 538 4112 quarum
560 4024 720 4090 nonnullae
741 4032 823 4090 tanta
844 4034 911 4097 sunt
932 4033 1092 4091 metrorum
1114 4024 1199 4091 simi-

133 4125 258 4192 litudine
280 4126 394 4209 iactae,
421 4133 453 4192 ut
478 4126 757 4210 antistrophicorum
777 4127 914 4216 speciem
942 4147 1019 4214 peno
1039 4125 1199 4192 obtrudere
1307 4220 1308 4228 ἵ
