2654 4786
359 422 408 476 nu
426 419 965 477 conrosrrrounmmrcnonvnr.
1126 400 1193 469 m

127 573 306 640 acatalectus
329 574 413 657 ordo,
435 575 571 661 quoniam
593 576 642 662 qui
664 575 837 661 praegressi
855 582 934 656 cnut,
954 574 1191 658 magnamvehe·

127 677 268 742 mantiam
290 677 412 759 habent,
434 677 577 741 leniorem
600 677 722 758 exitum,
746 697 830 763 qnam
853 676 914 758 illi,
937 674 1008 740 licet
1022 672 1191 753 'catalectici

127 777 198 859 sint,
220 780 371 868 praebeat,
392 779 514 844 suavior
534 790 630 843 tamen
653 787 682 842 et
703 777 832 860 mollior,
853 778 880 842 si
901 777 960 842 alio
984 776 1069 841 modo
1091 777 1192 842 remit-

126 886 216 965 tatur,
238 881 320 945 utin
343 880 405 944 his:
884 874 888 881 ²

210 1015 309 1098 μηδὲν
329 1012 404 1079 dtto
427 1011 580 1100 φυτεύσῃς
602 1010 749 1101 πρότερον
770 1012 910 1098 δένδρεον
931 1009 1066 1090 ἀμπέλω.

211 1119 298 1181 δεῦτε
319 1142 380 1194 νυν,
403 1113 497 1201 ἆβραὶ
519 1113 662 1198 Χάριτες,
685 1116 866 1194 καλλίκομοί
883 1138 915 1177 τε
939 1116 1070 1178 Μοῖσαι.
1101 1154 1105 1161 ·

598 1270 631 1402 q.
654 1315 728 1383 552.

213 1469 249 1532 ln
271 1469 400 1556 singulis
422 1470 555 1557 partibus
577 1471 703 1550 numeri,
725 1470 788 1533 sive
811 1468 1003 1550 membris,
1026 1468 1194 1534 terminatio

129 1571 308 1637 caesuris
341 1580 408 1658 apte
442 1570 656 1636 constituendis
692 1570 899 1655 variandisque
943 1571 1122 1634 continetur:
1159 1570 1196 1634 de

129 1694 187 1760 qna
208 1695 243 1739 re
264 1673 304 1736 in·
317 1672 446 1758 singulis
468 1694 603 1737 versuum
626 1673 787 1758 generibus
809 1672 929 1754 dictum,
951 1672 1079 1737 maxime
1101 1671 1132 1735 in
1144 1671 1197 1735 tri-

129 1787 224 1841 metro
247 1773 374 1839 iambico
397 1783 427 1837 et
448 1795 535 1838 versu
558 1773 689 1839 heroico.

599 1973 633 2059 s.
655 1973 727 2039 asa.
748 1952 751 1960 “

146 2116 149 2124 ’
215 2120 421 2191 Mensurae
443 2126 677 2191 conformatione
700 2148 784 2214 quam
807 2124 991 2190 diversaris
1014 2126 1054 2190 sit
1067 2114 1199 2198 eiusdem

130 2228 262 2309 numeri,
290 2226 329 2291 in'
344 2227 449 2293 iisdem
473 2228 590 2307 metris,
618 2236 676 2291 tum
700 2229 788 2291 etiam
810 2228 840 2291 in
864 2227 1060 2315 anapaesticis
1083 2226 1200 2315 signifi·

131 2336 227 2394 cutum
250 2339 304 2394 est.
347 2329 485 2394 Pertinet
506 2331 561 2393 huc
583 2329 671 2393 etiam
693 2329 777 2409 illud,
799 2329 876 2414 quod
899 2329 1065 2416 elegantius
1087 2331 1117 2393 in
1140 2329 1199 2393 line

132 2452 235 2495 versus
258 2452 315 2494 vox
338 2432 368 2494 in
391 2431 483 2517 longa
504 2430 619 2517 syllaba
641 2430 810 2517 requiescit,
833 2430 1008 2524 praesertim
1028 2431 1076 2495 ubi
1098 2452 1200 2496 nume·

133 2553 183 2597 ros
205 2531 327 2619 longam
348 2531 483 2618 requirit,
504 2538 536 2596 ut
556 2532 587 2596 in
610 2540 792 2619 pentametro
814 2531 958 2616 elegiaco.

601 2716 637 2801 s.
657 2714 731 2782 ser.

219 2866 481 2934 Licentiarnm
503 2890 574 2933 usus
604 2869 634 2932 in
659 2890 900 2932 caesurarum
930 2868 1201 2933 observatione

135 2968 181 3035 uel
203 2968 469 3056 neglectiore,
507 2969 688 3056 modoque
717 2991 909 3033 mensurae
937 2977 1086 3053 versatur,
1115 2992 1201 3056 quum

136 3072 195 3136 alia
221 3085 397 3157 argumenta
424 3072 519 3135 minus
552 3093 656 3136 severe
685 3072 827 3136 custodiri
864 3093 1021 3151 caesurae,
1053 3070 1202 3158 pedesque

136 3172 250 3237 admitti
272 3172 460 3236 irrationales
481 3172 646 3260 patiantur,
678 3172 737 3236 alia
764 3173 924 3257 diligenter
945 3171 1079 3258 regulam
1101 3175 1202 3238 obser·

135 3275 199 3340 rari
222 3274 386 3362 postulent;
417 3284 476 3338 tum
505 3276 592 3339 etiam
620 3271 650 3337 in
679 3274 885 3362 prosodiae
907 3282 1201 3361 temperamento

136 3397 192 3466 pro
213 3382 322 3458 aetate,
344 3397 467 3464 genere,
490 3373 721 3464 argumentoque
744 3375 893 3439 carminis.

603 3561 637 3648 s.
660 3559 732 3627 aas.

232 3711 400 3777 Plurinm
440 3734 674 3777 numerorum
709 3711 929 3776 coniunctio
970 3711 1011 3775 ita
1053 3713 1205 3777 tractanda

138 3821 195 3897 est,
218 3824 249 3878 nt
269 3814 365 3902 primo
389 3813 645 3900 congruentia
667 3821 822 3901 spectetur.
872 3813 948 3875 Nam
970 3834 1073 3876 versus
1096 3824 1149 3899 per
1171 3834 1205 3876 se

139 3916 244 4004 optimi
271 3915 297 3979 si
325 3916 367 3979 ita
397 3916 630 4004 coniungantur,
649 3923 690 3979 -nt
717 3914 831 3978 numeri
858 3922 1016 4001 non-apte·
1031 3922 1205 4000 congruant,

139 4038 197 4082 non
219 4016 396 4081 videbuntur
420 4027 501 4082 recte
528 4038 617 4081 nnnm
644 4014 789 4103 quoddam
816 4036 851 4078 ac
877 4020 968 4079 toturn
989 4013 1121 4078 efficere.
1163 4014 1205 4083 Vt

138 4116 212 4181 laec
234 4118 356 4206 stropha
378 4118 511 4201 Alcaico,
533 4141 592 4184 nna
614 4118 730 4206 syllaba
751 4117 862 4198 addita,
884 4137 941 4178 una
963 4115 1094 4202 dempta:
