2654 4786
167 387 229 457 tte
517 405 585 459 aaa
602 405 638 462 u.
672 400 753 460 aar.
770 402 880 457 xxxu.

166 580 226 623 non
256 556 385 646 putanda
411 561 457 621 est
484 557 621 642 neglecta
648 577 716 623 eene
737 576 879 637 caesura,
905 551 1005 620 diviso
1032 551 1063 618 in
1092 573 1148 618 sua
1173 552 1235 618 ele·

167 667 267 725 menta
288 658 408 725 nomine
428 659 562 748 proprio.
596 657 673 728 Vide
696 658 731 744 ὁ.
750 657 801 723 69.
840 657 890 722 De
911 676 1050 722 mensura
1069 653 1158 721 huius
1179 674 1234 720 no·

168 761 257 828 minis
278 760 447 846 Διϊτρεφὴς
468 760 546 826 dixit
566 759 728 825 Elmsleiue
750 758 788 824 nd
809 757 939 825 Medeae
961 780 987 825 v.
1007 757 1082 823 326.

632 945 667 1031 ς.
690 943 763 1011 aaa.

253 1098 389 1166 Gaesnra
410 1119 462 1180 ea,
490 1120 564 1184 quae
591 1098 689 1163 estin
716 1098 775 1164 fine
803 1096 927 1164 secundi
946 1097 1049 1187 pediu,
1070 1117 1162 1184 saepe
1183 1116 1236 1160 ne·

168 1201 310 1289 gligitur,
337 1199 391 1265 sed
419 1199 590 1288 plerumque
611 1200 672 1282 sic,
702 1208 734 1263 ut
761 1199 792 1264 in
813 1200 950 1289 proxima
972 1199 1054 1265 brevi
1076 1197 1237 1280 incidatur,

169 1325 243 1391 quae
265 1302 325 1367 alia
346 1302 445 1391 potius
468 1300 607 1386 caesura,
636 1322 721 1387 qnam
748 1301 898 1389 neglectio
927 1323 1068 1367 caesurae
1096 1307 1152 1366 eet.
1194 1296 1238 1367 vt

169 1407 200 1469 in
221 1404 311 1469 Pluto
334 1424 360 1467 v.
383 1402 456 1468 570.

254 1518 486 1602 ἐπιβουλεύουσί
504 1524 601 1608 τιτῷ
622 1516 744 1603 πλήθει.

169 1658 230 1724 Sed
253 1679 342 1745 saepe
364 1678 469 1721 revera
490 1655 657 1743 negligitur
678 1655 800 1721 secundi
820 1656 905 1745 pedis
928 1676 1068 1737 caesura,
1096 1653 1184 1719 modu
1207 1653 1238 1719 id

169 1758 221 1823 fiat
240 1758 339 1823 verbis
360 1778 419 1823 non
440 1758 627 1845 ineleganter
648 1755 819 1845 dispositis,
840 1765 872 1822 nt
892 1757 920 1822 si
942 1756 1089 1823 secundus
1110 1778 1165 1845 pes
1188 1756 1239 1821 da·

170 1858 267 1946 ctylus
290 1867 345 1942 est,
367 1867 397 1922 et
417 1858 448 1922 in
471 1858 564 1945 longa
586 1858 723 1923 anacrusi
746 1859 828 1924 tertii
848 1859 933 1948 pedis
955 1861 1075 1924 verbum
1097 1859 1239 1923 termina·

170 1974 232 2026 tur:
254 1968 287 2026 ut
306 1963 340 2026 in
361 1959 417 2047 Eq.
438 1958 511 2024 508.
543 1957 634 2048 Vesp.
656 1956 729 2024 684.

252 2074 417 2163 ἠνάγκαζεν
438 2075 495 2159 ἴση
517 2077 668 2154 λέξοντας.

254 2182 302 2245 σοὶ
325 2179 351 2244 d’
375 2177 413 2262 ἤν
433 2180 479 2256 τίς
498 2203 531 2263 γε
553 2180 628 2268 διδῷ
650 2187 731 2265 τρεῖς
752 2175 891 2263 ὀβόλους.

169 2314 229 2383 Vbi
250 2314 454 2380 scribendum:

254 2429 420 2517 ἠνάγκαζεν
442 2433 585 2509 λέξοντας
605 2429 674 2516 ἴση.

254 2534 303 2598 σοὶ
325 2532 351 2596 d'
374 2531 412 2618 ἤν
432 2559 478 2610 τις
499 2534 545 2623 δῷ
566 2533 640 2609 τούς
659 2541 739 2620 τρεῖς
760 2527 899 2614 andlong.

168 2669 274 2755 Neque
297 2669 420 2755 elegans
442 2677 488 2734 est
508 2691 629 2752 versus,
658 2669 741 2734 cuius
769 2677 889 2756 quartus
914 2690 968 2757 pes
994 2691 1066 2735 voce
1088 2672 1239 2760 monosyl-

168 2771 238 2837 laba
260 2771 375 2835 linitur:
405 2771 462 2836 etsi
490 2771 601 2858 aliquot
627 2771 794 2847 huiusmodi
816 2771 952 2861 exempla
973 2771 1180 2839 inueniuntur:
1209 2783 1240 2839 ut

170 2873 202 2938 in
225 2872 280 2960 Eq.
302 2870 374 2937 525.

255 2987 408 3075 ἐξεβλήθη
430 2985 603 3075 πρεσβύτης
624 2987 676 3055 ὤν.

171 3127 249 3195 Vide
272 3127 309 3193 da
330 3128 378 3194 his
401 3130 490 3194 rebus
513 3127 650 3192 amnibus
672 3126 769 3192 Elem.
791 3126 820 3193 d.
841 3149 881 3192 m.
902 3148 931 3216 p.
952 3124 1025 3191 399.
1048 3148 1131 3214 seqq.

643 3311 677 3398 ς.
704 3311 777 3379 aaa.

256 3466 326 3529 Nnn
348 3464 498 3530 invenitur
518 3466 549 3529 in
572 3465 620 3530 his
634 3466 770 3530 versibus
793 3463 1070 3552 qrqceleusmaticns
1093 3486 1148 3554 pro
1171 3488 1241 3532 ana·

172 3573 276 3653 quaesto
298 3564 429 3656 positus,
456 3587 511 3630 nee
533 3565 667 3654 dactylus
695 3574 835 3653 sequente
857 3575 1035 3655 anapaesto,
1063 3567 1124 3632 nisi
1147 3569 1190 3634 ita
1210 3577 1242 3633 ut

172 3667 308 3756 dactylus
335 3675 469 3754 quartum
496 3668 592 3733 lucum
621 3676 729 3734 teneat.
777 3667 941 3742 duodeni
970 3668 1155 3735 rarissimum
1185 3676 1242 3752 est,

173 3778 270 3834 tannen
306 3791 364 3834 nnn
398 3770 495 3855 magis
527 3769 705 3857 reprehendi
736 3776 849 3859 potest,
885 3792 971 3856 qnam
998 3770 1101 3836 eadem
1132 3771 1167 3837 in
1198 3771 1242 3837 di·

173 3871 277 3936 metris
300 3870 412 3959 dactyli
434 3878 464 3935 et
474 3871 626 3960 anapaesti
648 3872 827 3954 coniunctio,
848 3870 1153 3960 dequamnniluu15.
1167 3872 1241 3939 369.

175 3972 327 4060 Aristnqh.
352 3971 442 4060 vesp.
457 3971 530 4039 397.

259 4104 352 4172 αὑτὸν
369 4104 481 4192 δήσας,
504 4099 529 4173 ni
547 4107 738 4196 perequitant,
761 4108 794 4172 τί
809 4118 918 4189 ποιεῒςς
941 4107 977 4174 nd
996 4106 1040 4192 μὴ
1062 4106 1242 4194 καταβήσει.
