2654 4786
320 414 327 425 ,
348 397 416 452 nm.
434 397 481 452 ur.
516 396 596 452 ose.
613 399 683 452 xiv.
718 398 767 451 on
783 400 980 455 susorum.
1111 364 1196 449 'm

124 546 302 635 Aeschylus
324 547 410 613 Eum.
433 549 506 614 322.

215 686 324 767 μᾶτερ,
347 678 418 765 ἅμ’
442 680 561 762 ἔτικτες,
584 676 766 768 εἶν-μᾶτερ.

214 777 294 863 muts,
315 781 437 849 ἀλαοῖσι
458 781 879 871 nutrimentalem-noceria.

125 934 189 1010 oui
210 954 329 1024 paeon
353 937 532 1025 epibatus
561 959 578 1002 a
599 937 720 1002 musicis
741 942 864 1003 vocator
891 940 986 1000 utrum
1014 931 1137 1000 duorum
1159 956 1197 998 au

124 1036 256 1127 plurium
278 1044 442 1126 temporum
464 1036 595 1126 syllabas
617 1039 734 1122 haheat,
756 1060 815 1104 non
837 1044 884 1102 est
904 1037 1052 1101 traditum.
1089 1036 1138 1118 De
1160 1057 1196 1100 eo

125 1135 281 1203 Aristides
304 1138 506 1212 Quintilianus
527 1160 555 1228 p.
578 1138 629 1205 38.
652 1140 750 1202 παίων
772 1136 923 1218 ἐπιβατὸς,
946 1138 979 1200 tu
999 1142 1121 1222 μακρᾶς
1141 1137 1198 1201 θέ-

126 1262 206 1314 σεως
227 1240 276 1301 καὶ
298 1245 421 1324 μακρᾶς
443 1238 574 1325 ὄρσεως,
602 1243 652 1303 καὶ
681 1238 737 1304 ulcio
765 1245 894 1324 μακρῶν
919 1238 1036 1303 θέσεων
1063 1241 1113 1302 καὶ
1135 1264 1197 1318 μα-

127 1345 206 1424 κρᾶς
228 1337 355 1424 ι’ίρσεως.
398 1341 439 1405 Er
459 1363 528 1429 pag.
556 1341 608 1407 98.
635 1338 752 1407 τούτων
780 1340 805 1404 rl'
837 1338 852 1404 ὃ
875 1340 1019 1420 ἐπιβατὸς
1047 1340 1196 1421 κεκίνηται

126 1445 256 1524 μᾶλλον,
278 1438 494 1533 annunciarem
513 1443 568 1521 μὲν
589 1449 626 1528 τῇ
649 1446 739 1529 διπλῇ
754 1441 838 1505 θέσει
860 1442 916 1524 τὴν
928 1439 1040 1524 ψυχήν
1063 1442 1094 1527 ἐς
1114 1439 1198 1522 ὕψος

127 1543 162 1607 tt
195 1546 240 1630 τῷ
272 1542 394 1628 μεγέθει
422 1549 483 1606 τῶν
510 1541 627 1629 ἄρσεσιν
659 1545 714 1626 τὴν
730 1538 879 1608 ’διάνοιαν
909 1544 1068 1627 ἐξεγείρων.
1122 1542 1197 1627 Eius

127 1645 239 1711 mentio
263 1653 309 1710 est
330 1645 405 1732 apud
429 1644 619 1710 Plutarchum
642 1645 679 1710 ‹le
701 1645 813 1709 musica
834 1667 862 1733 p.
885 1642 976 1710 1141.
989 1644 1028 1710 Α.
1046 1641 1139 1709 1113.
1158 1643 1196 1709 Β.

126 1745 275 1812 Fortasse
296 1747 353 1810 hoc
374 1767 497 1811 numero
520 1754 566 1811 est
586 1746 663 1835 apucl
679 1746 858 1835 Sophoclem
880 1747 910 1810 in
928 1747 1083 1835 Antigona
1104 1744 1197 1811 1121.

126 1846 221 1914 1132.

175 1990 179 1995 ’
210 1966 320 2065 Δησῦς
339 1982 371 2045 ἓν
392 1976 525 2057 κόλποις.

211 2078 364 2167 κισσήρεις
385 2079 490 2164 ὄχθαι.

127 2232 191 2300 Sex
221 2233 333 2322 longae
367 2234 501 2321 syllabae
536 2234 711 2299 coniunctae
743 2241 811 2298 sunt
843 2234 919 2319 apul
954 2232 1116 2300 Pindarum
1147 2230 1196 2300 01.

126 2334 180 2403 rv.
201 2333 235 2433 ι.
286 2410 289 2415 ,

211 2462 314 2545 ξείνων
335 2468 361 2533 δ’
385 2460 418 2535 εὖ
439 2470 647 2569 πρασσόντων.
726 2482 729 2487 ’
848 2508 852 2515 -

212 2569 534 2673 εἴη·1ιοιπαῒς”εε1χαῖς.
658 2590 671 2603 ··

526 2867 840 2879 „..—.-.—-......

238 3100 330 3227 l...
436 3228 441 3241 ,
514 3160 650 3234 oon.
673 3118 806 3234 xiv.

390 3332 418 3407 D
454 3359 471 3406 e
542 3358 558 3405 s
595 3344 609 3404 t
641 3358 658 3404 r
692 3359 711 3404 o
744 3358 764 3431 p
798 3334 821 3404 h
852 3334 864 3404 i
898 3359 925 3405 s,

595 3550 629 3635 s.
652 3547 739 3635 sca„
789 3618 792 3625 ,
829 3626 832 3631 ,
958 3618 961 3625 ,
997 3618 1001 3627 ,

168 3720 186 3735 ·-
213 3684 378 3768 Varenum,
401 3691 613 3773 systematum,
640 3686 828 3775 stropharum
857 3684 1048 3751 definitiones
1076 3687 1191 3751 notrici

132 3795 376 3877 scurrus-rerum,
397 3788 501 3873 quihus
523 3787 692 3874 perturbari
713 3790 809 3875 magis
831 3795 861 3853 et
881 3787 1024 3853 conlundi
1045 3786 1192 3869 notiones,

133 3908 216 3974 quem
237 3889 384 3978 explicari
405 3896 491 3975 utque
513 3887 658 3974 distingui
684 3910 808 3954 necesse
829 3890 877 3954 sit
927 3888 1027 3962 Quare
1047 3908 1102 3952 nos
1124 3886 1192 3953 ullis

133 3987 350 4057 lefiuitiouihus
373 3991 493 4059 utimur.
525 3990 667 4057 Versus
691 4000 736 4057 est
756 4013 894 4058 numerus
917 4012 991 4056 unus
1013 3995 1043 4055 et
1063 3988 1193 4076 integer,

133 4092 185 4176 qr‘n
198 4112 259 4160 uno
280 4093 386 4181 spiritu
408 4091 595 4181 pronuntiari
615 4100 723 4180 potest
